3978 5546
522 456 555 495 22

522 565 608 618 uinea.
628 565 661 617 Et
678 565 725 634 qui
744 564 932 618 contrafecerit
951 565 1037 620 soluat
1055 567 1174 618 bannum
1192 565 1260 619 sicut
1277 565 1321 636 aiij
1341 565 1466 619 homines
1484 565 1517 620 de
1529 564 1642 636 bugella
1652 565 1687 619 Et

521 651 618 704 iaciant
636 651 733 705 setium
751 669 835 705 vnum
853 653 886 706 ad
906 653 962 706 uias
980 667 1169 722 trauersagnas
1200 653 1233 706 Et
1250 651 1372 707 consules
1390 652 1474 707 iacere
1492 665 1632 707 teneantur
1649 671 1687 706 re·

521 738 590 809 quiri
608 739 631 792 si
648 739 793 794 actauerint
811 739 875 794 uias.
895 740 923 794 Si
941 740 1020 795 luerit
1039 741 1077 794 eis
1095 739 1305 794 denunctiatum.

559 913 617 966 113.
635 898 703 951 item
721 909 849 952 statutum
867 901 996 970 estquod
1025 899 1158 970 Camparij
1188 899 1235 970 qui
1253 915 1301 970 pro
1328 899 1491 969 temporibus
1519 897 1623 953 fuerint
1652 911 1688 952 te·

520 997 634 1038 neantur
651 984 735 1038 ficere
747 985 792 1041 iila
809 987 874 1040 setia
885 1004 938 1057 que
950 988 999 1057 ipsi
1012 986 1096 1040 iacere
1108 987 1205 1040 debent
1219 986 1286 1040 inira
1298 1004 1381 1039 vnum
1400 1003 1533 1039 menssem
1545 998 1685 1056 postquam

520 1071 618 1125 luerint
636 1072 664 1125 in
683 1072 780 1126 officio.
798 1074 890 1144 etipsa
908 1076 973 1128 setia
991 1087 1081 1128 tenere
1099 1074 1186 1127 clausa
1205 1087 1231 1128 et
1249 1087 1361 1144 coperta
1380 1075 1414 1128 Et
1431 1074 1478 1144 qui
1496 1071 1686 1127 contrafecerit.

520 1159 607 1214 soluat
626 1162 745 1215 bannum
763 1162 812 1216 sol.
830 1163 889 1216 xil
908 1179 950 1233 pp.

560 1333 617 1384 114.
636 1319 704 1372 Item
722 1331 850 1374 statutum
872 1331 911 1374 est
929 1320 1002 1390 quod
1015 1337 1082 1374 vnus
1095 1320 1299 1392 Campariorum
1321 1320 1355 1373 de
1368 1319 1476 1390 Campis
1491 1332 1612 1374 teneatur
1620 1333 1688 1374 stare

521 1418 548 1459 et
565 1423 719 1476 permanere
737 1408 864 1460 continue
881 1407 914 1460 ab
932 1408 1005 1461 exitu
1023 1408 1085 1478 Maij
1105 1425 1189 1479 usque
1207 1408 1240 1462 ad
1252 1419 1373 1462 sanctum
1386 1409 1531 1461 Martinum
1544 1409 1573 1461 in
1586 1408 1688 1478 campis

521 1495 570 1546 sub
588 1495 678 1548 banno
696 1493 744 1547 sol.
763 1494 796 1546 V.
815 1511 857 1565 pp.
876 1511 924 1565 pro
950 1495 1067 1565 qualibet
1093 1496 1152 1550 uice
1179 1512 1231 1566 qua
1249 1511 1306 1550 non
1333 1497 1495 1565 reperiretur.
1514 1497 1548 1549 Et
1566 1494 1688 1548 consules

521 1597 577 1634 non
596 1581 697 1650 possint
723 1581 785 1634 dare
811 1581 950 1635 licenciam
967 1594 1007 1636 set
1024 1595 1163 1636 teneantur
1189 1595 1311 1636 excutere
1328 1585 1415 1636 banna
1437 1584 1460 1636 si
1479 1583 1518 1636 eis
1537 1594 1688 1644 accusatum

521 1666 600 1722 fuerit
618 1668 661 1722 uei
679 1669 877 1724 denunciatum.
896 1682 923 1724 et
940 1683 1029 1724 tenere
1047 1683 1210 1725 accusatores
1228 1683 1255 1724 et
1272 1671 1474 1724 denunciatores
1492 1669 1616 1741 priuatos.

560 1825 617 1878 1¹5·
635 1810 703 1863 Item
722 1822 849 1864 statutum
868 1823 907 1864 est
925 1812 997 1882 quod
1016 1811 1149 1882 Campmr'j
1169 1812 1307 1868 vinearum
1325 1812 1439 1866 debeant
1457 1826 1556 1881 ponere
1573 1821 1688 1881 quatuor

522 1896 641 1950 fioconos
660 1899 745 1951 bonos
763 1911 790 1951 et
806 1899 927 1970 ydoneos
945 1899 991 1969 qui
1006 1897 1099 1968 Jurent
1117 1898 1145 1952 in
1164 1899 1297 1968 presencia
1316 1899 1457 1953 consulum
1476 1899 1504 1952 in
1523 1897 1590 1952 sesto
1604 1896 1687 1950 sancti

521 1985 636 2055 Eusebij.
655 1987 728 2056 quod
745 1987 851 2039 stabunt
870 1987 898 2039 in
914 1988 1033 2040 custodia
1051 2003 1146 2040 eorum
1163 2005 1179 2040 a
1197 1999 1288 2041 sancto
1306 1986 1423 2040 Eusebio
1432 2002 1516 2056 usque
1533 1987 1566 2039 ad
1575 1997 1690 2056 quatuor

521 2072 577 2125 dies
595 2085 654 2142 post
672 2074 909 2127 disbandationem.
928 2088 955 2126 et
973 2075 1046 2145 quod
1064 2091 1119 2128 non
1139 2075 1296 2128 laborabmt
1313 2074 1387 2128 alteri
1406 2085 1547 2145 postquam
1573 2073 1689 2142 ceperint

521 2158 673 2213 linconiam.
692 2162 726 2214 Et
743 2162 806 2215 dicti
825 2163 958 2233 Camparij
978 2174 1118 2216 teneantur
1135 2162 1219 2216 iacere
1238 2162 1294 2214 fieri
1312 2162 1381 2215 secia
1394 2162 1421 2215 in
1440 2161 1506 2214 iocis
1519 2161 1687 2231 laudatisper

522 2264 623 2301 nouem
642 2250 767 2303 homines
785 2249 882 2303 electos
901 2267 947 2320 per
973 2250 1103 2304 consules.
1122 2263 1149 2303 et
1166 2251 1277 2321 quilibet
1304 2261 1425 2303 teneamr
1442 2249 1480 2303 sic
1499 2249 1603 2304 soluere
1620 2265 1689 2302 cam·

522 2335 622 2404 pariam
642 2337 675 2389 de
692 2337 825 2391 Plantrato
856 2339 923 2391 sicut
951 2339 984 2392 de
1002 2339 1088 2392 uinea.
1116 2351 1142 2391 et
1160 2339 1352 2392 nichilominus
1376 2337 1482 2391 soiuant
1499 2339 1532 2392 de
1551 2337 1637 2391 blado.
1655 2337 1689 2390 Et

522 2423 571 2492 ipsi
590 2423 722 2495 Campatij
743 2443 799 2479 non
819 2426 920 2496 possint
937 2427 1034 2479 habere
1052 2425 1192 2479 licenciam
1211 2427 1275 2496 quin
1294 2439 1402 2480 teneant
1428 2427 1558 2496 predictos
1576 2437 1690 2496 quatuor

522 2511 653 2564 Fioconos
672 2525 698 2565 et
716 2514 827 2584 quilibet
845 2515 963 2584 ipsorum
984 2515 1163 2568 Fioconorum
1181 2526 1301 2568 teneatur
1327 2532 1360 2568 ex
1378 2525 1543 2568 sacramento
1560 2526 1628 2567 stare
1646 2513 1689 2567 die

521 2611 656 2670 noctuque
675 2601 702 2654 in
721 2619 768 2655 sua
787 2605 918 2673 comparia
936 2604 984 2656 sub
1003 2619 1071 2672 pena
1088 2615 1114 2656 et
1133 2604 1222 2656 banno
1240 2604 1289 2657 soi.
1308 2603 1365 2657 XX.
1385 2621 1427 2674 pp.
1441 2616 1467 2657 et
1480 2602 1602 2656 consules
1612 2618 1690 2672 super

521 2687 573 2740 hiis
594 2694 720 2748 omnibus
738 2703 877 2744 teneantur
895 2692 1038 2763 inquirere.

560 2833 618 2887 116.
636 2834 704 2886 item
721 2844 849 2886 statutum
868 2832 997 2902 estquod
1024 2847 1119 2885 omnes
1146 2831 1278 2903 Camparij
1299 2845 1325 2886 et
1344 2831 1481 2902 Forentarij
1505 2843 1531 2886 et
1549 2832 1689 2886 seruitores

521 2921 567 2991 qui
586 2919 684 2974 luerint
702 2920 782 2973 leuati
800 2921 912 2974 debeant
930 2921 992 2972 dare
1010 2919 1191 2973 fideiussorem
1210 2920 1244 2972 de
1262 2919 1310 2973 soi.
1330 2921 1378 2974 LX
1396 2937 1438 2991 pp.
1457 2921 1530 2990 quod
1548 2921 1618 2974 bona
1637 2919 1690 2974 fide

522 3020 549 3062 et
565 3008 685 3077 legaiiter
702 3007 800 3061 facient
818 3025 912 3060 eorum
942 3007 1062 3061 officium
1092 3007 1163 3077 prius
1189 3025 1270 3078 quam
1295 3008 1394 3077 Jurent.
1425 3019 1451 3061 et
1470 3008 1503 3061 de
1522 3008 1689 3062 restituendis

522 3096 644 3165 dampnis
661 3095 736 3149 lactis
752 3097 900 3149 secundum
919 3096 991 3165 qnod
1009 3095 1037 3148 in
1056 3095 1115 3165 alijs
1133 3096 1236 3149 statutis
1254 3097 1412 3150 continetur.

561 3251 618 3305 117.
636 3237 705 3290 Item
723 3249 851 3291 statutum
870 3237 989 3307 estquod
1000 3237 1103 3290 leuetur
1122 3237 1277 3307 Campatius
1290 3238 1336 3308 qui
1348 3237 1478 3291 custodiat
1491 3249 1570 3290 terras
1583 3237 1689 3291 noueiie

522 3337 548 3378 et
566 3325 670 3379 coscile.
688 3337 715 3379 et
732 3326 828 3378 habeat
845 3326 994 3379 Fioconum
1012 3342 1096 3379 vnum
1115 3326 1160 3396 qui
1176 3325 1249 3396 Juret
1262 3339 1329 3380 stare
1348 3325 1482 3379 bonafide
1500 3326 1530 3378 in
1543 3326 1689 3380 custodiae

522 3412 589 3466 festo
607 3414 690 3466 sancti
708 3413 816 3484 eusebii.
837 3431 920 3483 usque
938 3415 970 3466 ad
995 3413 1090 3466 festum
1104 3415 1227 3467 omnium
1240 3426 1400 3467 sanctorum.
1419 3414 1453 3466 Et
1470 3414 1622 3483 habeatpro
1635 3413 1690 3467 bui-

522 3502 599 3554 conia
618 3503 695 3554 vinee
713 3503 842 3555 denarios.
862 3501 931 3554 VIII.
951 3519 992 3572 pp.
1012 3514 1038 3555 et
1056 3502 1089 3554 de
1119 3515 1192 3571 prato
1222 3503 1344 3555 denarios
1371 3502 1416 3554 VI.
1436 3513 1462 3554 et
1480 3502 1513 3554 de
1538 3514 1689 3572 castegneto

522 3589 644 3643 denarios
662 3590 745 3643 IIII⁰¹.
766 3607 807 3660 pp.
826 3603 854 3643 et
871 3590 955 3643 eciam
977 3591 1073 3644 habeat
1091 3591 1250 3660 comparium
1271 3590 1340 3644 bladi
1358 3601 1385 3643 et
1397 3589 1533 3660 Rapparie
1546 3606 1595 3643 nec
1608 3589 1690 3659 possit

521 3677 619 3731 habere
638 3678 777 3732 licenciam
795 3679 860 3748 quin
879 3690 968 3732 teneat
980 3679 1126 3748 predictum
1136 3679 1293 3732 Fioconum.
1307 3691 1333 3731 et
1345 3689 1466 3731 teneatur
1477 3696 1510 3731 ex
1524 3689 1690 3732 sacramento

522 3777 590 3818 stare
608 3766 651 3818 die
669 3778 803 3836 noctuque
822 3767 850 3819 in
869 3768 988 3820 custodia
1018 3767 1100 3836 ipsius
1118 3767 1249 3836 camparie
1276 3767 1325 3820 sub
1343 3766 1433 3820 banno
1451 3765 1499 3820 sol.
1518 3765 1576 3819 l'X.
1595 3781 1637 3836 pp.
1656 3765 1690 3820 Et

522 3853 644 3906 consules
662 3871 740 3923 super
756 3855 808 3907 hiis
827 3866 966 3907 teneantur
983 3855 1126 3925 inquirere.
1146 3855 1188 3924 (1)
1208 3866 1233 3906 et
1252 3866 1372 3907 teneatur
1390 3853 1473 3906 facere
1489 3871 1574 3908 unum
1593 3854 1690 3908 setium

522 3941 577 3994 suis
595 3943 716 4010 expensis
734 3943 779 3994 ubi
799 3942 878 3995 fuerit
895 3943 1048 3996 ordinatum
1068 3959 1114 4012 per
1132 3943 1261 3996 maiorem
1280 3953 1381 4012 partem
1400 3941 1509 3996 illorum
1527 3942 1573 4013 qui
1591 3941 1691 3996 habent

521 4029 559 4082 ibi
578 4029 762 4098 possessiones.

553 4257 581 4311 (ι)
592 4253 740 4311 Subsequentit
753 4271 798 4314 cap.
805 4259 866 4302 verba
875 4258 980 4315 aliquanto
990 4271 1038 4316 post
1047 4263 1122 4317 scripta
1131 4263 1233 4306 videntur.
