3942 5548
1400 524 1447 580 143

284 635 385 705 putheo
404 637 436 690 de
455 636 561 707 bugella
580 636 700 708 pinarolij
716 637 853 708 tociusque
866 635 947 706 patrie
960 635 1121 706 principatus
1133 635 1338 705 pedemoncium
1348 635 1447 706 Judicis

285 724 340 776 nati
359 740 430 777 nunc
443 725 580 794 quondam
589 725 687 777 nobilis
699 725 818 778 Simonis
837 726 879 778 Ad
897 725 1030 778 honorem
1049 725 1100 796 dey
1112 736 1139 778 et
1153 725 1229 777 beate
1247 724 1329 776 marie
1341 723 1451 794 virginis

284 827 314 864 ac
336 813 474 865 beatorum
493 813 592 883 eusebij
613 813 741 883 Stephani
759 825 786 867 et
801 814 891 883 Jacobi
911 827 1052 884 patronum
1080 813 1200 867 eiusdem
1219 825 1246 866 et
1263 813 1296 866 ad
1317 813 1450 866 honorem

284 897 395 952 lllustris
414 900 517 954 domini
537 901 641 954 domini
660 902 742 954 nostri
761 902 886 954 sabaudie
904 913 952 955 etc.
971 901 1045 955 ducis
1063 903 1177 955 Domini
1197 902 1316 954 eiusdem
1335 901 1387 954 loci
1407 901 1452 953 bu-

285 987 354 1058 gelle
373 1001 399 1042 et
417 989 449 1042 ad
468 989 601 1042 honorem
620 1002 647 1042 et
664 991 934 1059 augumantacionem
953 1001 979 1043 et
997 991 1031 1043 ad
1049 1007 1204 1060 prosperum
1222 1001 1320 1044 statum
1333 989 1452 1043 comuni-

286 1077 346 1130 tatis
364 1088 390 1130 et
408 1077 551 1130 hominum
570 1073 632 1130 dicti
652 1077 703 1130 loci
714 1078 858 1148 Cupientes
877 1078 904 1131 in
917 1079 1114 1132 occurrentibus
1127 1095 1174 1148 pro
1186 1079 1290 1132 honore
1303 1091 1329 1131 et
1341 1077 1452 1132 vtilitate

286 1164 348 1218 dicti
367 1165 491 1218 comunis
508 1164 645 1218 salubriter
664 1165 810 1236 prouidere.
829 1167 863 1218 Et
881 1166 943 1236 quia
962 1167 1054 1220 dietim
1073 1165 1141 1220 fiunt
1159 1183 1214 1220 non
1227 1165 1301 1219 nulla
1313 1166 1392 1218 dubia
1411 1165 1453 1219 ln·

286 1253 505 1307 concernentibus
523 1254 685 1324 inlrascripta
698 1265 801 1318 statuta,
816 1254 981 1324 Diuerseque
993 1254 1161 1324 exceptiones
1173 1266 1346 1325 opponuntur
1360 1265 1451 1308 contra

287 1339 431 1393 laudabiles
448 1341 653 1394 consuetudines
671 1342 754 1412 ipsius
766 1340 818 1394 loci
831 1341 983 1412 bugellead
996 1341 1214 1412 obuiandumque
1227 1359 1261 1394 ne
1274 1353 1362 1394 cetero
1374 1357 1453 1412 super

288 1429 419 1481 contentis
436 1429 465 1482 in
484 1427 653 1500 infrascriptis
671 1430 809 1499 contingat
827 1429 939 1482 dubium
958 1441 985 1482 et
1003 1430 1077 1483 litem
1096 1428 1152 1482 fieri
1165 1441 1192 1482 et
1210 1429 1313 1482 moueri
1327 1429 1454 1482 Conside-

287 1527 374 1569 rantes
392 1516 441 1586 ipsi
460 1517 563 1570 domini
581 1516 711 1570 clauarius
730 1529 756 1570 et
773 1516 896 1570 consules
914 1529 941 1570 et
958 1517 1119 1587 eredandarij
1136 1517 1207 1588 prius
1220 1517 1373 1587 participato
1391 1533 1453 1570 eon-

287 1602 347 1655 silio
367 1602 472 1672 prefacti
490 1603 594 1657 domini
603 1603 694 1673 Jacobi
708 1603 740 1658 de
753 1605 853 1674 putheo
870 1606 926 1674 jam
939 1605 1001 1658 dicti
1014 1605 1047 1658 Et
1060 1605 1121 1675 quia
1135 1620 1190 1658 nou
1203 1605 1281 1658 debet
1292 1603 1452 1674 reprehensi·

288 1690 364 1744 sibile
381 1692 491 1761 judicari
514 1692 536 1744 si
555 1692 702 1745 secundum
730 1694 883 1746 varietatem
912 1705 1064 1763 temporum
1082 1703 1178 1746 statuta
1196 1709 1303 1762 quoque
1320 1692 1454 1745 varientur

288 1779 406 1832 humana
424 1779 560 1849 presertim
587 1796 650 1833 eum
677 1765 773 1850 urgens
799 1780 940 1834 necessitas
969 1780 1010 1833 vel
1034 1781 1144 1844 euidens
1163 1780 1262 1834 utilitas
1289 1780 1316 1833 id
1335 1779 1453 1850 exposcit

289 1867 418 1936 Exemplo
437 1867 629 1938 omnipotentis
647 1869 699 1939 dey
718 1867 773 1931 Qui
791 1885 847 1922 non
867 1867 940 1922 nulla
959 1868 1050 1939 quein
1063 1869 1145 1921 veteri
1157 1879 1316 1922 testamento
1328 1879 1454 1922 statuerat

290 1957 403 2009 mutauit
422 1956 449 2008 in
469 1971 542 2008 nouo
561 1956 681 2009 Idcircho
699 1956 776 2009 certis
793 1955 938 2027 legiptimis
956 1969 982 2010 et
1001 1957 1077 2011 bonis
1090 1957 1157 2010 moti
1171 1956 1320 2010 racionibus
1333 1968 1358 2009 et
1369 1957 1454 2010 causis

290 2045 370 2098 etiam
390 2061 436 2114 pro
455 2043 558 2098 honore
576 2055 603 2096 et
614 2044 725 2097 vtilitate
737 2061 784 2116 rey
796 2044 900 2114 publice
912 2044 963 2098 1οεί
977 2044 1082 2115 bugelle
1094 2043 1145 2115 Ipsi
1160 2043 1337 2115 prenominati
1350 2043 1454 2098 domini

290 2133 419 2186 claunrius
437 2145 463 2186 et
481 2131 602 2185 consules
620 2149 651 2186 ac
668 2133 829 2204 credandarij
849 2149 944 2186 omnes
962 2133 1100 2186 unanimes
1118 2145 1145 2186 et
1171 2136 1315 2187 concordes
1342 2145 1453 2203 expote-

290 2233 355 2274 state
373 2221 436 2290 ipsis
460 2233 486 2274 et
513 2221 582 2274 dicte
609 2220 765 2274 comunitati
794 2220 899 2290 bugelle
926 2237 1048 2274 concessa
1076 2233 1103 2274 et
1129 2221 1241 2274 atributa
1259 2239 1305 2292 per
1322 2221 1454 2274 illustrem

291 2310 432 2362 domiuum
451 2309 593 2362 dominum
611 2321 732 2362 nostrum
751 2310 875 2362 sabaudie
893 2321 941 2363 etc.
957 2310 1052 2362 ducem
1071 2310 1152 2362 etiam
1170 2309 1266 2362 virtute
1285 2310 1415 2362 bonarum
1429 2321 1455 2362 et

291 2397 458 2467 antiquarum
478 2397 701 2450 consuetudinum
719 2397 782 2450 dicti
801 2397 853 2451 loci
872 2399 1073 2467 approbatorum
1092 2409 1239 2450 stamerunt
1252 2397 1407 2451 ordinarunt
1425 2415 1455 2452 ac

292 2485 466 2539 reformarunt
484 2485 609 2538 Statuunt
627 2485 752 2538 ordinant
770 2498 797 2538 et
815 2484 960 2538 reformant
979 2498 1056 2555 prout
1074 2484 1142 2538 infra
1160 2501 1190 2538 ac
1217 2483 1379 2556 infrascripta
1398 2498 1454 2539 sta-

291 2586 347 2628 tuta
365 2575 484 2627 condunt
497 2589 549 2643 que
560 2573 684 2626 ordinant
696 2585 814 2627 statuunt
827 2586 853 2626 et
864 2573 1009 2627 reformant
1021 2585 1148 2644 perpetuo
1160 2573 1255 2626 debere
1267 2573 1457 2627 inuiolabiliter

292 2661 424 2716 obseruari
441 2661 471 2713 in
490 2660 550 2714 loco
569 2661 675 2731 bugelle
692 2677 722 2714 ac
741 2679 787 2731 per
804 2661 930 2715 dominos
948 2661 1094 2714 clauarium
1113 2673 1139 2714 et
1157 2661 1279 2714 consules
1297 2673 1324 2714 et
1341 2663 1454 2715 credau-

292 2751 378 2804 darios
397 2749 515 2802 eiusdem
535 2748 587 2802 loci
605 2749 650 2819 qui
669 2765 741 2801 nunc
759 2761 821 2802 sunt
840 2761 866 2802 et
884 2766 932 2820 pro
950 2762 1070 2820 tempore
1083 2747 1181 2802 luerint
1199 2765 1229 2801 ac
1247 2765 1293 2819 per
1303 2749 1456 2819 spectabiles

291 2855 343 2908 que
361 2837 486 2890 dominos
504 2849 645 2906 potestates
663 2837 726 2890 dicti
745 2837 798 2890 loci
818 2837 863 2908 qui
883 2853 930 2907 pro
949 2849 1069 2907 tempore
1087 2835 1185 2890 fuerint
1215 2853 1262 2906 pro
1281 2838 1410 2907 tmnchijs
1428 2850 1456 2890 et

293 2926 420 2996 precissijs
439 2941 607 2995 quacumque
624 2925 779 2994 exceptione
797 2937 922 2978 cessante.
941 2926 979 2978 lta
998 2925 1069 2996 quod
1098 2924 1259 2995 infrascripta
1286 2936 1381 2978 statuta
1401 2943 1454 2978 non

293 3014 394 3084 possint
411 3011 469 3066 tolli
488 3012 596 3084 infringi
616 3015 711 3066 mutari
730 3015 853 3083 suspendj
874 3030 922 3066 nec
940 3013 1081 3083 dispensari
1103 3013 1153 3066 nisi
1172 3013 1205 3066 de
1223 3029 1353 3067 consensu
1372 3015 1457 3067 tocius

293 3101 463 3156 comunitatis
482 3101 587 3172 bugelle
605 3113 632 3154 et
649 3101 844 3154 interueniente
863 3117 993 3154 consensu
1007 3117 1128 3171 expresso
1141 3102 1265 3154 omnium
1278 3101 1458 3155 credendario-

293 3207 352 3243 rum
371 3191 433 3244 dicti
452 3190 512 3244 loci.
531 3191 590 3243 Imo
609 3190 664 3260 ipsa
682 3189 844 3260 infrascripta
862 3200 958 3242 statuta
977 3205 1024 3259 pro
1042 3189 1172 3257 trunchijs
1191 3201 1217 3242 et
1234 3189 1353 3258 precissis
1367 3206 1397 3242 ac
1410 3207 1457 3260 pro

293 3278 352 3348 lege
371 3277 525 3348 municipali
537 3277 589 3330 loci
602 3277 708 3348 bugelle
720 3289 838 3331 statuunt
850 3289 876 3330 et
888 3277 1012 3330 ordinant
1030 3293 1076 3346 per
1089 3276 1287 3346 prenominatos
1299 3293 1329 3328 ac
1342 3275 1456 3330 futuram

294 3367 472 3436 posteritatem
490 3378 517 3419 et
535 3383 602 3436 quos
615 3367 708 3419 attinet
726 3378 753 3418 et
764 3365 792 3417 in
805 3364 923 3418 futurum
936 3365 1061 3434 spectabit
1073 3375 1199 3435 perpetuo
1212 3365 1345 3418 obseruari
1355 3365 1457 3419 debere.

330 3503 371 3559 79.
390 3491 424 3543 Et
443 3490 529 3559 primo
548 3501 667 3542 statuunt
685 3489 829 3542 reformant
847 3500 873 3541 et
894 3489 1018 3542 ordinant
1036 3489 1109 3559 quod
1127 3487 1279 3558 spectabiles
1291 3487 1394 3559 dominj
1415 3506 1459 3559 po-

294 3587 398 3630 testates
417 3577 468 3630 loci
488 3576 593 3646 bugelle
611 3589 637 3629 et
654 3577 682 3628 in
702 3576 791 3630 officio
810 3577 1048 3646 potestarieipsius
1067 3575 1118 3628 loci
1137 3573 1284 3628 infuturum
1303 3575 1419 3645 eligendi
1433 3589 1459 3630 et

293 3663 468 3718 confirmandi
487 3682 532 3735 per
550 3664 681 3718 illustrem
701 3665 844 3717 dominum
863 3665 1005 3718 dominum
1023 3675 1144 3716 nostrum
1163 3664 1287 3716 sabaudie
1302 3676 1350 3716 etc.
1363 3664 1459 3717 ducem

293 3763 432 3804 teneantur
450 3765 476 3806 et
494 3753 606 3806 debeant
624 3753 686 3806 dare
704 3769 784 3805 vnam
803 3751 921 3822 pulcram
940 3765 966 3805 et
984 3751 1160 3805 honorificam
1184 3763 1283 3804 vestem
1297 3753 1360 3804 boni
1378 3751 1460 3822 panni

292 3839 389 3892 valoris
406 3839 569 3892 florenorum
589 3840 680 3894 decem
700 3841 824 3894 sabaudie
841 3840 880 3892 illi
900 3853 926 3893 et
944 3840 996 3892 illis
1014 3839 1060 3910 qui
1079 3841 1244 3910 inposterum
1263 3839 1458 3909 deputabuntur

294 3944 339 3997 per
357 3927 548 3982 comunitatem
568 3929 630 3980 dicti
649 3928 701 3981 loci
720 3945 766 3981 seu
785 3946 830 3999 per
858 3928 1000 3982 dominnm
1028 3928 1173 3981 clauarium
1201 3927 1320 3981 eiusdem
1339 3927 1391 3980 loci
1410 3929 1456 4000 qui
1483 3949 1492 3964 ·

294 4033 365 4068 nunc
383 4028 423 4068 est
441 4028 467 4069 et
478 4033 526 4086 pro
538 4029 658 4086 tempore
670 4015 758 4070 suturo
772 4016 849 4069 luerit
862 4017 894 4069 ad
907 4017 1066 4086 portandum
1078 4016 1236 4069 electionem
1250 4016 1283 4069 de
1294 4016 1352 4086 ipso
1364 4015 1460 4070 factam

294 4120 339 4174 per
357 4104 454 4157 dictam
473 4105 665 4157 comunitatem
683 4104 781 4158 lllustri
800 4104 912 4157 domino
926 4104 1037 4156 domino
1048 4117 1139 4157 nostro
1152 4104 1276 4157 sabaudie
1288 4116 1336 4157 etc.
1351 4104 1411 4157 duci
1423 4105 1457 4158 Et

295 4191 340 4261 qui
358 4191 446 4244 eidem
464 4192 576 4245 domino
595 4193 716 4263 potestati
735 4191 822 4244 literas
841 4192 1001 4261 prouisionis
1014 4193 1087 4261 juxta
1105 4190 1218 4245 sormam
1232 4193 1363 4246 bonarum
1376 4203 1402 4244 et
1415 4209 1460 4246 an-

296 4279 428 4348 tiquarum
446 4280 670 4332 consuetudinum
689 4279 751 4332 dicti
771 4279 822 4332 loci
842 4279 946 4348 bugelle
965 4291 1072 4332 actenus
1086 4280 1284 4332 obseruatarum
1296 4278 1410 4349 portabit
1427 4281 1460 4334 ad

295 4382 407 4438 quarum
427 4366 636 4421 declarationem
655 4379 681 4419 et
699 4367 900 4419 ordinacionem
919 4383 1024 4436 presens
1043 4377 1171 4420 statutum
1184 4366 1307 4420 conditur
1319 4379 1345 4420 et
1356 4367 1460 4421 ordina·
