3958 5540
1432 509 1479 566 τος

355 638 412 694 ¹²7·
434 623 501 677 Item
520 620 593 700 quod
611 620 735 692 camparij
755 631 782 674 et
800 619 926 692 loresmrij
956 621 1070 691 dampna
1098 619 1158 674 data
1184 619 1212 674 in
1231 635 1325 674 eorum
1344 621 1483 690 camparljs

283 735 287 746 ·
316 709 383 764 infra
401 710 501 765 solidos
519 709 552 762 V.
571 721 626 762 tam
645 709 754 764 comuni
773 725 854 779 quam
873 708 1049 780 singularibus
1067 708 1215 780 dampnum
1235 707 1316 780 passis
1347 707 1482 761 restituere

315 810 456 852 teneantur
474 798 525 852 nisi
543 798 607 851 inde
625 814 671 867 per
688 813 734 852 eos
754 797 797 850 uel
816 797 929 851 alterum
948 813 1043 852 eorum
1061 799 1178 852 acusatio
1197 796 1263 852 facta
1281 807 1357 851 esset

353 887 419 940 Item
439 925 579 940 ......
599 885 642 956 (1)

408 1077 447 1132 ¹9·
467 1061 514 1114 DE
534 1059 673 1126 FURTIS,
691 1060 827 1126 PREDIS,
845 1057 1090 1115 SPOLlAClONE
1108 1060 1156 1115 ET
1175 1057 1350 1116 ROBARIIS.
1372 1093 1402 1100 -

705 1149 759 1203 Pol.
779 1163 864 1204 cxxii.
889 1149 932 1203 V.⁰
950 1163 1039 1206 exxrn
1067 1190 1074 1203 .

353 1325 410 1380 128.
429 1323 472 1394 (2)
491 1323 627 1394 Imprimis
638 1326 710 1395 quod
723 1325 745 1378 si
757 1325 845 1396 aliqua
858 1343 970 1397 persona
982 1323 1264 1396 commiseritaliquod
1278 1325 1376 1380 furmm
1396 1342 1479 1396 usque

315 1414 348 1466 ad
361 1413 481 1467 ualorem
493 1412 640 1466 solidorum
652 1413 709 1467 XX.
720 1415 887 1484 papiensium
901 1428 927 1469 et
939 1414 1036 1468 abinde
1049 1413 1116 1468 inira
1128 1413 1221 1467 Soluat
1234 1415 1344 1468 comuni
1356 1431 1404 1486 pro
1415 1431 1483 1485 pena

316 1515 341 1555 et
360 1503 449 1555 banuo
468 1517 515 1570 pro
535 1501 622 1570 primo
641 1499 710 1554 furto
729 1501 829 1556 solidos
847 1503 903 1556 XL.
923 1504 1060 1574 papienses
1077 1503 1112 1556 de
1129 1503 1173 1555 die
1191 1513 1217 1556 et
1234 1503 1268 1556 de
1286 1515 1365 1556 nocte
1382 1503 1483 1556 solidos

316 1588 371 1644 Lx.
390 1591 534 1659 papienses.
553 1589 587 1662 Et
605 1590 723 1644 restituat
742 1609 782 1644 res
801 1590 897 1644 furtiue
915 1590 1014 1644 ablatas
1026 1589 1170 1659 duplicatas
1183 1589 1221 1642 illi
1235 1590 1277 1643 cui
1291 1588 1375 1644 furate
1388 1590 1482 1644 forent.

315 1677 348 1732 Et
366 1679 412 1748 qul
431 1677 567 1732 comiserit
584 1677 684 1732 furtum
704 1695 787 1750 usque
805 1681 838 1732 ad
859 1678 978 1732 valorem
995 1678 1143 1732 solidorum
1172 1677 1227 1730 Lx.
1246 1689 1273 1732 et
1300 1679 1397 1733 abinde
1415 1677 1482 1732 infra

316 1767 449 1836 usquead
468 1766 563 1836 viginti
581 1766 668 1820 soluat
687 1783 734 1836 pro
752 1784 820 1836 pena
839 1781 865 1820 et
884 1769 973 1821 banno
992 1765 1091 1820 solidos
1121 1766 1152 1820 C.
1172 1765 1308 1836 papienses
1326 1768 1360 1821 de
1379 1768 1431 1820 die.
1451 1767 1483 1819 Et

315 1855 348 1907 de
366 1867 444 1907 nocte
463 1854 540 1906 libras
558 1855 594 1908 X.
614 1855 780 1924 papiensibus
799 1867 824 1908 et
843 1856 961 1908 restituat
979 1867 1007 1908 ut
1026 1871 1110 1924 supra.
1121 1855 1209 1924 thui
1223 1855 1371 1908 comisserit
1383 1853 1482 1930 lurtum

316 1959 330 1994 a
349 1941 440 1996 solidis
459 1942 517 1996 LX.
536 1943 704 2012 papiensibus
722 1944 841 2012 superius
860 1959 943 2012 usque
971 1944 1002 1996 ad
1022 1943 1100 1996 libras
1121 1943 1152 1996 Χ.
1173 1944 1308 2012 papienses
1330 1944 1417 1995 soluat
1435 1959 1482 2012 pro

316 2047 382 2099 pena
403 2031 479 2082 libras
499 2029 531 2082 X.
551 2031 687 2100 papienses
706 2032 739 2083 de
757 2031 800 2082 die
819 2043 844 2084 et
863 2031 896 2083 de
915 2043 993 2084 nocte
1012 2031 1089 2082 llbms
1109 2031 1166 2084 XX.
1186 2031 1330 2100 papienses.
1350 2031 1382 2084 Et
1402 2032 1479 2082 resti·

317 2129 372 2171 tuat
391 2131 420 2171 ut
438 2135 522 2188 supra.
542 2119 575 2172 Et
593 2119 638 2190 qui
659 2118 758 2172 lurtum
776 2120 924 2172 comissen't
942 2137 957 2172 a
976 2119 1048 2177 libris
1068 2119 1099 2171 X.
1119 2119 1237 2188 superius
1249 2119 1270 2170 si
1290 2119 1323 2172 de
1336 2119 1378 2172 die
1396 2118 1482 2172 soluat

315 2207 426 2260 comuni
445 2224 493 2277 pro
512 2225 579 2278 pena
598 2207 676 2260 libras
689 2207 778 2267 XXV.
798 2208 941 2278 papienses.
962 2207 994 2260 Et
1013 2208 1033 2260 si
1054 2207 1086 2260 de
1105 2219 1184 2260 nocte
1202 2207 1281 2260 libras
1294 2207 1323 2260 L.
1337 2207 1482 2277 papienses.

316 2295 348 2348 Et
368 2295 486 2349 restituat
505 2309 637 2366 utsupra.
656 2295 729 2350 Etsi
749 2313 804 2349 non
824 2308 891 2350 esset
910 2295 1040 2348 soluendo
1060 2293 1199 2364 fustigetur
1217 2311 1262 2366 per
1281 2307 1363 2348 totam
1377 2307 1481 2348 terram.

357 2434 413 2488 129.
432 2419 499 2472 Item
519 2420 590 2488 quod
609 2419 655 2489 qui
674 2419 822 2472 comisserit
841 2419 939 2480 furtum
959 2419 1074 2472 secunda
1093 2419 1151 2471 uice
1170 2418 1273 2471 soluere
1300 2431 1420 2472 teneamr
1437 2437 1481 2472 se-

317 2507 435 2560 cundum
454 2507 612 2576 quantitates
631 2507 762 2560 furtorum
780 2508 899 2576 superius
918 2509 1058 2577 descriptas
1078 2525 1174 2576 penam
1193 2506 1353 2576 duplicatam
1372 2508 1399 2561 in
1419 2525 1482 2578 quo

316 2593 379 2648 libet
398 2607 465 2648 actu.
485 2595 518 2648 Et
536 2596 654 2648 restituat
672 2613 712 2648 res
731 2596 829 2648 ablatas
848 2595 991 2665 duplicatas
1010 2607 1038 2648 ut
1057 2613 1141 2666 supra.

351 2683 423 2736 Etsi
443 2700 497 2736 non
517 2695 583 2736 esset
601 2683 731 2736 soluendo
751 2683 889 2752 fustigetur
908 2701 953 2753 per
971 2696 1055 2756 totam
1073 2695 1178 2736 terram.
1197 2683 1230 2735 Et
1250 2694 1299 2736 stet
1317 2698 1368 2734 vna
1388 2681 1481 2735 dicad

316 2769 457 2824 Berlinam.
476 2772 509 2824 Et
527 2784 617 2841 postea
645 2771 784 2824 banniatur
813 2785 839 2825 et
866 2771 1011 2841 expellatur
1039 2771 1072 2824 de
1091 2785 1157 2824 terra
1177 2770 1282 2840 bugelle
1301 2787 1349 2823 nec
1368 2769 1482 2839 amplius

316 2859 396 2930 possit
415 2860 512 2914 venire.
532 2860 605 2913 Etsi
624 2861 727 2913 uenerit
746 2872 897 2930 amputetur
915 2859 963 2913 sibi
983 2860 1143 2913 membmm.

354 2999 411 3052 130.
431 2983 498 3037 ltem
516 2984 561 3054 qui
581 2983 715 3038 comiserit
733 2983 812 3037 tercia
832 2983 890 3036 uice
909 2981 1009 3036 lurtum
1029 2983 1086 3037 siue
1105 2983 1132 3036 in
1152 3001 1232 3053 parua
1251 2984 1307 3038 siue
1338 2984 1365 3036 in
1385 2999 1482 3052 magna

315 3073 461 3142 quantitate
479 3071 565 3125 soluat
583 3073 692 3126 comuni
713 3089 759 3142 pro
779 3089 845 3142 pena
864 3084 891 3126 et
909 3073 998 3126 banno
1017 3072 1095 3126 libras
1114 3071 1169 3126 le
1189 3074 1222 3125 de
1248 3073 1290 3126 die
1309 3085 1334 3125 et
1353 3073 1386 3126 de
1404 3085 1482 3124 nocte

316 3159 433 3214 Centum
452 3159 625 3232 papiensium.
645 3161 679 3214 Et
697 3161 815 3213 restituat
834 3173 862 3214 ut
880 3177 965 3230 supra.
985 3161 1017 3214 Et
1036 3161 1057 3214 si
1076 3177 1131 3213 non
1152 3173 1219 3213 esset
1244 3161 1374 3214 soluendo
1392 3177 1483 3230 ampu-

315 3259 384 3302 tetur
402 3248 451 3302 sibi
470 3266 523 3320 pes.
543 3249 576 3302 Et
594 3248 640 3320 qui
658 3248 793 3303 comiserit
811 3248 878 3302 ultra
898 3249 946 3302 tria
966 3247 1033 3302 furta
1053 3248 1233 3318 Suspendatur
1245 3247 1331 3302 taliter
1341 3249 1413 3320 quod
1427 3265 1483 3302 mo

315 3335 396 3390 riatur
414 3349 443 3390 ut
460 3339 517 3390 eius
535 3355 603 3408 pena
621 3337 680 3406 aliis
698 3349 812 3391 transeat
830 3338 857 3390 in
877 3336 1037 3406 exemplum.

352 3425 385 3478 Et
402 3426 516 3494 predicta
535 3438 631 3479 statuta
649 3443 704 3478 non
724 3427 900 3479 extendentur
918 3425 950 3478 ad
970 3425 1137 3480 Buschorum
1152 3425 1401 3505 lurtacampomm,
1412 3425 1482 3496 plan-

316 3525 430 3566 taborum
449 3531 498 3566 nec
517 3527 652 3584 pratorum
671 3531 723 3584 que
742 3513 833 3566 tierent
846 3513 879 3566 de
891 3514 934 3566 die
947 3525 986 3566 set
999 3515 1141 3583 puniantur
1153 3515 1299 3567 secundum
1314 3514 1364 3566 alia
1378 3527 1481 3567 statuta.

355 3651 411 3704 131.
431 3637 472 3706 (3)
485 3637 551 3690 ltetu
564 3637 635 3707 quod
650 3636 721 3690 nulla
736 3653 845 3706 persona
859 3637 952 3688 debeat
965 3637 1060 3689 ducere
1073 3654 1150 3706 super
1163 3637 1293 3690 territorio
1306 3637 1348 3690 uel
1365 3637 1481 3690 districtu

316 3723 421 3792 bugelle
439 3725 555 3794 aliquam
575 3725 682 3794 predam
701 3724 831 3777 robarlam
854 3723 895 3776 uel
916 3740 955 3776 res
974 3723 1083 3777 furtiuis
1102 3726 1149 3778 sub
1169 3726 1257 3778 banno
1284 3725 1430 3778 solidomm
1450 3723 1481 3776 C.

315 3813 482 3884 papiensium
501 3827 527 3867 et
544 3815 638 3868 amitat
656 3830 704 3867 res.

354 3951 411 4006 ¹32·
430 3935 497 3991 ltem
516 3937 587 4007 quod
607 3935 695 3992 nullus
714 3937 807 3991 debeat
825 3953 865 3991 res
883 3936 1038 3990 huiusmodi
1051 3947 1181 4006 receptare
1194 3937 1241 3990 sub
1254 3935 1371 4005 predicto
1384 3938 1480 3990 banno.

342 4113 371 4162 (t)
388 4111 454 4152 Lotus
469 4125 552 4154 vacuus.

342 4185 370 4233 (t)
385 4183 455 4224 Priora
469 4185 518 4224 haee
533 4185 570 4224 tria
584 4183 672 4237 capitula
695 4183 809 4236 conscripta
829 4185 850 4222 in
872 4196 896 4222 es
916 4185 988 4236 pagins
1005 4182 1068 4229 litere,
1083 4195 1134 4234 quie
1149 4181 1203 4232 jutta
1218 4192 1237 4221 et
1252 4183 1350 4222 rubricam
1365 4194 1384 4222 et
1400 4193 1481 4224 tortere

313 4253 401 4306 capitula
416 4263 485 4306 putet:
500 4257 618 4293 sdnutatum
634 4265 700 4294 tamen
715 4265 745 4294 est
761 4268 794 4306 per
811 4255 898 4306 signum,
915 4255 934 4292 ln
951 4255 1051 4306 principio
1066 4265 1110 4291 esee
1126 4253 1253 4292 collocanda.

341 4325 368 4376 (ι)
385 4324 430 4364 lloe
445 4335 464 4364 et
479 4337 530 4377 quse
545 4325 697 4378 subsequuntur
711 4325 797 4377 capitula
813 4325 851 4362 alia
867 4337 926 4362 manu
943 4325 1016 4375 scripta
1033 4335 1087 4362 suut.
