3958 5540
1395 563 1442 620 ¹3¹

317 673 359 728 De
376 673 493 746 qualibet
510 673 665 745 exceptione
683 685 710 728 et
727 673 897 744 replicatione
914 673 1063 744 imperiales
1080 673 1126 728 Vl

318 761 359 815 De
377 762 493 832 qnalibet
511 759 642 832 peticione
660 761 809 833 imperiales
827 761 860 815 11.
879 761 912 815 Et
929 762 963 816 de
981 761 1100 833 quolibet
1117 760 1233 832 oepitulo
1251 761 1336 833 imper
1354 763 1373 816 L

318 849 359 902 De
377 849 559 905 instrumentis
577 850 748 922 possessionis
766 863 792 903 et
810 851 961 920 pagtmenti
980 866 1063 921 usque
1081 850 1114 904 ad
1132 849 1233 904 solidos
1251 849 1282 904 C.
1291 849 1391 904 solidos
1400 849 1446 914 lll,

282 953 329 1006 pro
348 938 474 1008 quolibet
493 938 519 991 Λ
536 938 628 992 solidis
646 937 677 992 C
697 953 780 1008 usque
798 939 830 990 ad
859 937 936 991 libras
954 937 987 992 X
1005 937 1106 992 solidos
1123 937 1208 992 11110‘.
1235 937 1269 992 ad
1288 937 1366 992 libras
1384 937 1446 992 XX.

282 1024 382 1078 solidos
400 1025 433 1089 V,
451 1043 466 1078 a
485 1025 557 1079 libris
575 1025 633 1080 XX
652 1042 735 1097 nsque
753 1025 836 1078 XXX.
856 1025 955 1079 solidos
973 1025 1019 1090 vl,
1038 1025 1071 1080 ad
1090 1024 1149 1080 XL.
1168 1024 1268 1079 solidos
1286 1025 1344 1090 Vll,
1362 1026 1396 1079 ad
1414 1024 1446 1079 I..

282 1113 381 1166 solidos
400 1113 470 1176 v111,
488 1129 504 1166 a
522 1113 595 1168 libris
613 1113 643 1166 L.
663 1129 746 1184 usque
773 1113 827 1166 LX.
856 1110 956 1166 solidos
975 1111 1057 1166 Vllll.
1077 1129 1092 1166 a
1120 1111 1193 1166 libris
1211 1111 1241 1166 l.
1261 1113 1395 1184 usquead
1414 1113 1446 1178 C,

282 1200 381 1254 solidos
400 1199 435 1254 X.
455 1201 597 1273 papienses.
617 1199 723 1254 Abinde
740 1216 806 1254 uero
824 1217 901 1270 snpra
919 1201 952 1254 ad
971 1199 1150 1254 Taxationem
1169 1200 1246 1254 vnius
1264 1200 1366 1270 judicis.

318 1289 360 1342 De
378 1287 487 1342 licencia
505 1289 664 1360 pignorandi
682 1289 816 1360 usquead
844 1287 944 1342 solidos
972 1287 1027 1343 LX
1055 1288 1155 1343 solidos
1181 1289 1214 1354 ll,
1245 1300 1271 1343 et
1298 1289 1331 1344 ad
1358 1288 1447 1344 soldos

284 1377 400 1430 Centum
420 1377 519 1430 solidos
536 1377 582 1431 ΠΙ.

319 1465 361 1518 De
379 1465 553 1535 potestatione
571 1464 690 1536 pignoris
708 1479 734 1519 et
751 1465 867 1520 termino
885 1465 1017 1520 statuendi
1035 1465 1068 1520 ad
1087 1465 1273 1520 redimendum
1291 1465 1407 1520 solidum
1426 1465 1448 1520 1.

319 1554 360 1606 De
378 1553 538 1607 comissione
555 1554 655 1607 solidos
673 1554 706 1608 11.
725 1555 758 1608 de
771 1553 868 1608 lectnta
880 1553 998 1624 conscillj
1013 1553 1071 1607 siue
1083 1553 1280 1608 interlocutorie
1293 1553 1392 1607 solidos
1402 1553 1446 1606 lll.

284 1657 331 1710 pro
349 1653 428 1712 parte.
447 1641 481 1693 Et
499 1641 557 1710 plns
575 1643 721 1696 secundum
740 1641 893 1713 qualitatem
911 1653 939 1695 et
956 1641 1130 1711 quantitatem
1149 1641 1177 1694 in
1207 1641 1341 1695 taxatione
1370 1641 1447 1694 enins

283 1729 377 1798 judicis
396 1729 428 1782 Et
447 1727 584 1782 illudidem
603 1727 649 1782 fiat
666 1730 699 1783 de
717 1730 842 1800 scriptura
860 1729 989 1799 conscilii.

320 1817 361 1870 De
379 1816 477 1871 lectura
494 1817 612 1888 conscilij
632 1819 766 1872 sentencie
783 1816 925 1872 diffinitine
942 1817 1041 1872 solidos
1060 1817 1093 1882 V,
1112 1833 1160 1888 pro
1178 1828 1258 1888 parte.
1290 1815 1324 1870 lit
1342 1815 1400 1886 plus
1419 1827 1449 1870 nt

284 1904 370 1958 snpra.

320 1977 360 2030 De
380 1977 557 2030 instrumento
576 1975 672 2031 Tutele
690 1990 716 2030 et
734 1977 805 2030 Cnre
822 1977 855 2030 ad
874 1975 986 2048 negocia
1003 1961 1104 2030 solidos
1122 1975 1154 2030 X.
1173 1992 1221 2047 pro
1248 1973 1368 2048 quolibet
1394 1972 1445 2028 nisi

284 2077 317 2118 stt
336 2082 441 2135 pauper.

320 2152 361 2206 De
380 2154 450 2208 Cura
468 2154 501 2208 ad
520 2153 579 2207 lites
597 2152 697 2207 solidos
714 2153 747 2206 V.
769 2183 800 2192 -
820 2153 862 2206 De
880 2151 978 2207 actoris
996 2152 1096 2206 solidos
1114 2151 1146 2204 V.

301 2307 304 2312 Ι
320 2241 361 2294 De
380 2243 523 2312 repertorio
541 2243 687 2296 secundum
705 2241 879 2314 quantitatem
898 2242 1031 2299 bonorum
1044 2241 1233 2311 descriptorum
1252 2240 1280 2294 in
1299 2239 1356 2311 ipso
1370 2253 1396 2294 et
1409 2257 1449 2292 va·

285 2329 368 2383 lorern
387 2331 505 2400 ipsorum
524 2331 656 2384 bonorum
675 2331 707 2384 ad
726 2330 820 2400 judicis
838 2329 1009 2383 taxationem.

321 2417 362 2470 De
381 2417 478 2470 lactura
497 2417 735 2470 instrumentorum
754 2416 948 2470 sententiarum
977 2427 1032 2470 tam
1050 2415 1248 2470 interlocutorie
1275 2433 1356 2488 qnam
1375 2415 1447 2470 dilli-

285 2505 369 2558 nitiue
388 2505 501 2558 habeant
519 2505 615 2574 notarij
636 2505 783 2558 secundum
802 2505 976 2576 quantitatem
996 2505 1129 2559 bonorum
1148 2515 1174 2558 et
1192 2503 1346 2575 qualitatem
1365 2521 1450 2575 perso

285 2611 380 2646 narum
400 2592 516 2662 judiciali
536 2593 679 2646 taxatione.

321 2680 362 2734 De
376 2681 473 2734 neura
485 2681 725 2734 instrumentorum
738 2681 931 2734 sentenciamm
944 2680 1117 2734 consessionis
1128 2692 1154 2734 et
1164 2692 1346 2750 preceptorum
1356 2679 1450 2733 lrabeat

286 2769 403 2822 notarius
421 2769 567 2822 secundum
586 2769 761 2840 quantitatem
779 2770 1018 2824 instrumentorum
1038 2768 1115 2838 primi
1134 2779 1160 2822 et
1178 2768 1285 2822 secundi
1310 2767 1414 2822 decreti.

286 2909 340 2994 46.
364 2910 413 2975 De
436 2906 544 2975 officio
568 2907 717 2996 Clanarij.

321 3015 475 3068 Statuernnt
487 3015 559 3086 qnod
572 3015 711 3070 Clanarius
724 3017 793 3069 dicte
803 3016 981 3068 Contunitntis
995 3015 1099 3068 Electus
1112 3017 1183 3084 juxta
1196 3017 1334 3085 antiquum
1347 3032 1450 3069 morem

287 3105 371 3170 jurare
390 3117 509 3158 tenentur
527 3105 554 3156 in
574 3104 651 3174 plena
670 3103 818 3158 Credencla
837 3122 914 3158 snum
934 3104 1052 3156 olliciutn
1073 3103 1183 3156 lideliter
1196 3121 1331 3157 exercere:
1346 3105 1377 3156 lit
1390 3105 1451 3157 diro

288 3193 371 3245 bonos
389 3205 415 3245 et
433 3194 554 3262 ydoneos
572 3192 737 3246 fideiussores
759 3193 786 3246 in
807 3191 884 3246 laude
902 3193 1004 3244 domini
1025 3193 1159 3260 potestatis
1177 3205 1203 3244 et
1216 3191 1452 3245 Conscilinriornm

286 3281 319 3333 de
338 3280 445 3332 florenis
464 3279 520 3333 Mle
536 3280 591 3333 nuri
611 3281 644 3333 de
663 3279 799 3342 minando,
818 3281 991 3346 gubernando
1010 3292 1036 3332 et
1055 3279 1232 3349 recuperando
1250 3297 1294 3331 ere
1312 3279 1451 3332 Comunis.

288 3368 319 3420 Et
338 3368 429 3421 omnia
448 3367 498 3420 alia
517 3385 569 3438 qne
587 3369 620 3422 ad
640 3367 721 3438 ipsius
740 3385 836 3420 manus
855 3369 1023 3440 peruenerint
1041 3367 1185 3420 occasione
1203 3367 1271 3418 dicte
1290 3365 1452 3418 administra-

287 3454 374 3508 tionis.
394 3456 449 3518 Qui
468 3455 540 3508 solus
559 3456 600 3509 nel
621 3456 685 3508 alter
703 3456 746 3508 cni
764 3456 910 3526 specialiter
928 3455 979 3508 ltnc
998 3455 1101 3509 duxerit
1124 3455 1318 3507 continendum
1342 3471 1451 3524 proquo

286 3543 370 3596 eciam
388 3556 509 3596 teneatur
527 3545 641 3614 recipere
660 3543 755 3598 habent
784 3559 878 3597 omnes
905 3557 1050 3614 prouentus
1077 3556 1104 3596 et
1131 3543 1308 3596 obnentiones
1327 3541 1401 3596 fodra
1419 3541 1450 3594 ed

286 3631 336 3684 alia
355 3649 523 3703 quecumque
541 3633 653 3686 veniunt
671 3633 699 3686 in
719 3633 838 3686 comuni.

322 3788 365 3842 ⁴7·
384 3773 451 3828 ltem
470 3775 542 3845 qnod
561 3773 645 3828 dictus
664 3773 802 3828 Clanarius
820 3786 940 3828 teneatur
958 3775 1065 3828 reddere
1084 3774 1214 3827 rationem
1233 3773 1267 3826 de
1284 3773 1352 3826 datis
1369 3785 1395 3824 et
1414 3788 1453 3823 nc-

286 3862 368 3932 ceptis
386 3875 426 3916 ter
443 3863 471 3915 in
491 3877 563 3914 anno
581 3861 665 3914 silicet
683 3863 716 3914 de
734 3879 826 3914 mense
841 3862 967 3932 Ianuarii,
981 3863 1087 3932 Aprilis,
1099 3875 1126 3916 et
1139 3860 1261 3928 Augusti.
1276 3860 1305 3914 ln
1318 3860 1451 3930 presentia

287 3950 390 4002 domini
410 3949 544 4020 potestatis
563 3961 625 4002 octo
643 3949 799 4018 Sapientum
817 3949 964 4004 electorum
984 3967 1029 4020 per
1047 3950 1169 4003 consules
1187 3961 1213 4002 et
1231 3949 1309 4002 unlus
1337 3948 1452 4002 consulis

286 4038 426 4092 cuiuslibet
444 4037 616 4108 magistrarie.
636 4037 668 4090 Et
686 4037 719 4090 de
739 4037 855 4106 ipsanrm
874 4039 1004 4092 reditione
1016 4038 1138 4092 dimitere
1153 4037 1270 4108 predicto
1284 4036 1396 4090 domino
1409 4053 1442 4106 po

287 4125 371 4177 testati
392 4125 543 4194 exemplum
564 4125 619 4178 Sub
638 4141 705 4194 pena
724 4123 849 4178 librarum
869 4125 901 4188 X,
921 4141 968 4194 pro
986 4127 1105 4196 quolibet
1123 4124 1247 4178 termino.

324 4267 366 4330 48.
387 4266 453 4318 ltem
472 4267 544 4338 qnod
557 4266 611 4336 lpse
625 4265 763 4320 Clanarius
775 4283 853 4336 supet
868 4265 968 4336 palacio
981 4265 1042 4318 dicti
1053 4265 1184 4318 Comunis
1194 4278 1314 4336 presente
1326 4278 1453 4336 potestate

288 4365 315 4406 et
333 4354 486 4406 consulibus
504 4355 634 4406 veteribus
647 4367 672 4407 et
685 4353 762 4407 nouis
775 4370 805 4406 ac
819 4353 944 4408 XXllll⁰'
964 4353 1130 4424 sapientibus
1143 4370 1188 4424 per
1206 4353 1276 4426 ipsos
1288 4370 1375 4406 nonos
1393 4369 1443 4406 con
