3958 5540
513 511 563 552 122

510 620 544 674 de
562 617 666 674 enormi
684 617 767 672 delito
785 616 913 671 omicidts
931 615 1001 670 iures
1018 627 1045 670 et
1062 616 1178 671 latrones
1195 614 1320 670 fractores
1330 626 1485 670 suasurum
1503 627 1529 669 et
1545 613 1614 669 rlios
1631 614 1678 670 iro

510 707 597 760 mines
615 718 643 760 et
660 722 785 778 personas
803 705 873 758 mnle
891 705 1068 758 condictionis
1085 716 1112 758 et
1124 703 1195 758 inme
1206 704 1240 757 de
1251 703 1314 774 ipsis
1325 703 1401 757 terris
1412 702 1543 774 expellere
1553 703 1678 756 curabitis

510 795 578 848 iusto
596 810 681 865 posse,
700 793 882 847 malefactores
899 804 926 846 et
943 792 1127 862 delinquentes
1145 791 1174 845 in
1192 805 1260 846 term
1278 790 1385 862 bugelle
1402 790 1436 844 de
1447 789 1559 844 consilio
1577 791 1678 860 sopien-

509 895 568 936 tum
587 882 649 935 dicti
667 883 791 936 comunis
809 898 855 952 per
872 880 1018 934 claunrium
1037 892 1064 934 et
1082 879 1204 933 consules
1221 879 1409 950 eligendorum
1431 879 1546 948 punietis
1564 889 1591 931 et
1608 894 1675 932 con-

408 979 414 996 ·
510 971 667 1041 dempnnris,
685 969 777 1040 predas
795 969 839 1022 uel
857 967 973 1022 robarins
990 967 1019 1020 in
1038 966 1229 1038 term.bugelle
1246 984 1277 1020 ac
1295 966 1354 1037 alijs
1378 965 1453 1020 terris
1471 966 1596 1036 receptari
1615 965 1677 1018 ulls-

509 1058 581 1110 tinus
599 1057 751 1127 permitetis.
770 1056 908 1110 Poscherin
926 1055 1022 1109 etalio
1039 1055 1073 1108 nd
1091 1071 1235 1110 comunem
1254 1071 1333 1108 usum
1352 1053 1475 1124 deputato
1492 1053 1615 1124 occupari
1633 1053 1676 1106 uel

509 1145 596 1198 claudi
614 1145 745 1215 aliquibus
763 1161 818 1198 non
838 1144 983 1213 patiemini,
1003 1143 1055 1196 Sed
1074 1155 1201 1213 occupata
1218 1155 1245 1197 et
1263 1160 1315 1213 que
1332 1153 1495 1212 occupentur
1506 1141 1555 1210 ipsi
1567 1139 1676 1194 comuni

510 1221 695 1302 recuperabifls
713 1232 825 1286 fideliter
843 1232 911 1286 iustn
929 1247 1013 1302 posse
1042 1231 1143 1284 Curam
1161 1231 1298 1300 hospitalis
1324 1243 1351 1284 et
1369 1230 1483 1283 mntstis
1500 1229 1630 1282 habebitis
1648 1241 1676 1281 ut

510 1320 546 1372 ibi
565 1321 723 1374 reducentur
740 1320 908 1391 hospitantur
935 1331 961 1372 et
988 1330 1113 1372 curentur
1140 1319 1272 1389 peregrini
1292 1334 1418 1389 pauperes
1437 1329 1465 1371 et
1482 1316 1582 1370 infirmi
1599 1329 1626 1370 et
1642 1317 1675 1368 od

510 1409 561 1461 olio
579 1425 659 1479 opero
677 1409 791 1462 caritatis
809 1407 903 1462 dabitis
921 1407 1078 1461 conscilium
1097 1419 1124 1461 et
1141 1406 1269 1461 lnuorern

548 1565 571 1617 5.
589 1548 650 1602 Pins
667 1548 818 1601 uoluntates
836 1546 1022 1600 defimctorum
1043 1547 1181 1617 potissime
1200 1546 1246 1618 qui
1265 1547 1337 1600 dicto
1355 1545 1464 1600 comuni
1482 1544 1582 1616 aliquid
1601 1543 1677 1598 relio-

509 1636 628 1706 quissent
646 1635 796 1688 executioni
815 1635 975 1688 mandabitis
1002 1634 1164 1704 heredesque
1191 1651 1285 1687 eorum
1303 1633 1449 1702 specialiter
1466 1632 1494 1683 in
1513 1649 1560 1685 sua
1577 1632 1677 1685 iustitia

510 1722 693 1777 consouebitis.
713 1721 824 1776 Tributa
842 1722 989 1793 aliqualiter
1007 1737 1062 1775 non
1082 1723 1212 1792 recipietis
1230 1739 1279 1775 nec
1303 1722 1383 1776 alicui
1403 1722 1436 1775 de
1463 1720 1563 1775 snmilit
1591 1731 1676 1773 uestra

510 1811 566 1864 dari
585 1809 693 1864 iacietis

545 1951 570 2004 6.
588 1953 656 2005 item
675 1953 747 2022 quod
766 1952 839 2005 sodm
858 1953 945 2006 benna
963 1953 1218 2021 condempnationes
1236 1951 1296 2004 ficta
1314 1952 1388 2004 dada
1415 1951 1523 2004 colletas
1547 1962 1573 2003 et
1591 1966 1674 2020 quos·

510 2057 625 2111 cumque
643 2053 787 2110 prouentus
804 2040 868 2094 dicti
886 2042 1009 2094 comunis
1027 2041 1060 2093 ad
1079 2039 1236 2110 petitionem
1255 2039 1363 2111 dnuarij
1378 2052 1405 2093 et
1416 2040 1558 2093 consulum
1571 2055 1601 2092 ac
1613 2039 1677 2091 olio

510 2144 570 2180 rum
588 2127 743 2182 officialium
761 2145 839 2198 super
856 2130 918 2198 ipsis
936 2129 1073 2199 erigendis
1091 2141 1117 2181 et
1135 2127 1349 2182 administrandis
1367 2129 1410 2198 (1)
1428 2128 1613 2198 deputatorum
1632 2127 1675 2194 (1)

510 2214 580 2284 exigi
599 2214 706 2268 facietis

546 2372 570 2426 7.
589 2358 656 2411 ltem
674 2357 747 2427 quod
765 2357 943 2411 discordantes
962 2357 994 2410 ad
1013 2374 1105 2427 pacem
1124 2375 1171 2428 pro
1190 2358 1291 2411 uiribus
1314 2357 1437 2411 curabitis
1464 2372 1596 2410 reuocare.
1616 2355 1674 2410 Ue-

508 2447 665 2516 nientesque
683 2446 715 2499 nd
734 2444 867 2498 nundinas
885 2457 911 2498 et
929 2446 962 2498 od
981 2444 1070 2499 sorum
1081 2459 1107 2500 ct
1126 2463 1310 2518 quoscumque
1322 2445 1438 2499 forenses
1450 2447 1521 2498 bone
1533 2441 1676 2498 condictio

509 2535 551 2586 nis
570 2535 624 2587 uite
643 2547 669 2587 et
687 2533 758 2587 inme
776 2534 891 2604 benigue
914 2546 941 2588 et
968 2535 1103 2587 caritatiue
1131 2536 1260 2606 recipietis
1287 2548 1313 2588 et
1340 2533 1452 2587 fideliter
1480 2533 1673 2603 pertmctrbitis

510 2620 629 2692 Pupillus
647 2634 673 2675 er
692 2622 785 2674 uiduus
803 2622 831 2674 in
850 2622 904 2674 suis
923 2622 1023 2675 iuribus
1041 2621 1209 2676 defensabitis
1227 2635 1253 2676 et
1272 2621 1477 2676 manutenebitis
1494 2621 1563 2673 iusto
1590 2635 1673 2689 posse

545 2762 570 2815 8.
589 2761 632 2832 (2)
650 2761 801 2814 Citnciones
819 2775 938 2832 precepta
956 2763 1147 2833 Imposiciones
1165 2780 1215 2817 nec
1233 2762 1378 2816 relaciones
1390 2761 1446 2815 lieri
1460 2760 1559 2814 iacietis
1577 2776 1623 2829 per
1641 2759 1675 2813 la-

510 2849 626 2903 miliares
643 2861 743 2903 vestros
760 2865 806 2902 seu
826 2850 959 2903 beruerios
977 2851 1028 2903 nisi
1048 2868 1095 2920 per
1112 2852 1252 2905 seruitores
1270 2863 1297 2905 et
1315 2850 1427 2904 nuncios
1446 2848 1565 2918 publicos
1577 2848 1610 2900 td
1622 2847 1674 2902 hoc

509 2939 647 3008 deputatos
664 2949 692 2991 et
708 2938 809 3008 juratos
827 2954 858 2990 ac
875 2937 1041 3008 deputandos
1059 2949 1086 2992 et
1104 2939 1238 3009 jurandos.

544 3112 569 3168 9.
588 3095 621 3149 Et
638 3097 753 3167 predicto
771 3096 863 3150 omnin
881 3109 908 3151 et
925 3097 1030 3166 singula
1048 3098 1091 3167 (ς)
1110 3114 1140 3150 ac
1158 3098 1239 3150 etism
1257 3097 1308 3151 olio
1324 3099 1367 3167 (3)
1379 3100 1412 3152 nd
1424 3111 1542 3154 uestrum
1554 3099 1673 3154 officium

509 3198 535 3239 et
553 3186 673 3256 regimen
691 3202 721 3238 oc
739 3185 841 3238 bonum
859 3197 957 3238 statum
976 3185 1019 3254 (4)
1037 3185 1156 3256 prelibati
1175 3187 1279 3239 domini
1298 3188 1380 3240 nostri
1393 3200 1419 3240 et
1431 3189 1555 3242 comunis
1573 3190 1616 3257 (4)
1630 3190 1674 3243 bu-

508 3273 578 3344 gelle
596 3273 753 3344 pertinentia
772 3273 890 3326 lumbitis
908 3274 941 3326 od
959 3286 1049 3326 sancta
1067 3275 1109 3327 dei
1122 3274 1261 3344 euangelio
1275 3275 1443 3345 corporaliter
1455 3277 1530 3329 tactis
1541 3277 1674 3346 scripturis

509 3360 620 3415 fideliter
638 3359 722 3414 iacere
739 3362 879 3414 obseruare
897 3373 924 3415 et
941 3361 1080 3415 efficaciter
1097 3363 1130 3414 nd
1149 3361 1260 3432 implere
1277 3363 1386 3416 remotis
1403 3380 1496 3418 amore
1514 3365 1601 3434 precio
1619 3381 1675 3434 pre

508 3449 582 3502 cibus
599 3461 626 3502 et
644 3450 748 3502 timore.

511 3626 561 3674 ro.
585 3605 697 3673 Simile
719 3605 935 3673 iuramentum
951 3622 1071 3693 prestet
1086 3624 1118 3673 et
1133 3606 1266 3674 subbeat
1281 3607 1418 3674 uicarius
1432 3608 1533 3695 ipsius
1550 3608 1673 3676 domini

552 3713 718 3799 potestatis
734 3713 769 3778 in
784 3709 936 3778 omnibus
953 3729 985 3778 et
999 3733 1057 3798 per
1072 3713 1182 3778 omnia
1204 3729 1240 3778 ut
1262 3713 1408 3800 superius
1424 3714 1618 3796 continetur,
1641 3732 1674 3781 et

552 3819 674 3884 nemini
697 3815 871 3883 consuletis
893 3817 929 3882 in
950 3815 1055 3905 aliqua
1077 3838 1172 3885 causa
1193 3833 1338 3884 uertente
1361 3839 1468 3884 comm
1504 3817 1597 3885 uobis
1619 3835 1675 3886 aut

553 3943 615 4011 que
638 3922 720 3988 uerti
743 3939 932 4010 speraretur.

538 4166 566 4218 (ι)
580 4167 613 4218 (ι)
625 4166 720 4206 iuretur,
734 4168 845 4220 posterior.

535 4239 565 4288 (r)
580 4235 631 4290 Cep.
646 4238 667 4276 iu
681 4236 727 4276 libri
741 4239 832 4291 mrglne
846 4236 950 4290 posterius
964 4237 1070 4289 seriptum.

536 4308 565 4361 (3)
581 4307 612 4360 (3)
624 4307 655 4361 (4)
669 4307 703 4359 (4)
716 4306 781 4348 rest·
795 4307 845 4347 lrscc
859 4307 962 4360 posterius
976 4306 1052 4354 additi,
1067 4315 1087 4346 et
1101 4319 1137 4359 per
1150 4307 1231 4360 signum
1245 4308 1266 4346 ln
1281 4307 1326 4346 libri
1340 4310 1430 4362 msrgine
1444 4309 1541 4350 annm.
1554 4319 1610 4350 sm,
