3978 5546
530 457 567 510 4⁰

532 582 687 636 camporum
706 579 733 620 et
749 565 887 620 vineemm
905 577 1045 620 tueantur
1061 566 1138 620 omni
1156 582 1248 620 mense
1268 565 1350 620 semel
1370 567 1518 638 perquirere
1540 577 1628 622 tutum
1645 564 1696 620 fos·

531 665 627 706 satum.
645 667 672 708 et
690 654 808 708 maxeria
824 655 939 725 spinatas
964 667 991 708 et
1003 653 1139 708 fortilicias
1156 653 1290 708 sifactum
1308 653 1386 708 fuerit
1403 654 1503 726 aliquid
1520 655 1587 708 noui
1604 665 1695 708 corsua

532 741 679 810 predictum
697 753 832 795 statutum.
851 753 878 795 et
896 741 962 795 illud
981 743 1053 812 quod
1071 740 1235 796 inuenissent
1252 740 1352 794 facturn
1369 757 1490 794 accusare
1502 753 1528 795 et
1539 741 1696 795 denuntiare

531 827 683 882 consulibus
701 829 745 898 (r)
762 827 796 882 Et
814 829 936 882 consuler
953 844 1009 882 non
1028 829 1129 900 posuint
1146 829 1209 882 dare
1230 827 1376 882 licenciam.

567 1002 626 1052 214.
646 988 712 1040 ltern
731 999 828 1040 statum
846 988 975 1058 estquod
1001 986 1089 1057 aliqua
1107 1003 1218 1056 persona
1244 987 1278 1040 de
1296 986 1401 1056 bugella
1428 986 1471 1039 uel
1489 985 1597 1040 aliunde
1614 985 1694 1038 unde·

531 1091 635 1145 cunque
653 1075 759 1128 sitnon
778 1075 873 1128 audeat
903 1075 945 1128 uel
973 1086 1106 1144 presumat
1123 1087 1260 1146 exportare
1278 1075 1320 1128 uel
1341 1074 1471 1144 exportari
1489 1073 1574 1127 facere
1591 1073 1694 1144 aliquos

531 1161 630 1232 lapides
648 1163 681 1215 de
699 1161 801 1216 fossatis
820 1161 891 1232 plani
910 1161 1022 1233 bugelle
1041 1177 1091 1214 nec
1109 1161 1142 1215 de
1171 1162 1306 1232 tenagnio
1333 1163 1464 1216 dictonun
1483 1159 1649 1216 fossatorum.
1667 1173 1694 1214 ct

531 1251 576 1322 qui
594 1248 776 1306 contrafecerit
792 1249 880 1304 soluat
897 1265 945 1320 pro
963 1247 1081 1320 quolibet
1099 1261 1125 1302 et
1143 1249 1258 1320 qualibet
1276 1249 1335 1302 uice
1352 1249 1400 1303 sol.
1413 1247 1472 1303 XX
1490 1265 1533 1320 pp.
1546 1247 1694 1320 etquilibet

531 1337 612 1408 possit
630 1354 751 1390 accusare
768 1349 795 1390 et
813 1333 935 1390 consules
960 1347 1101 1390 teneantur
1127 1337 1259 1408 inquirere
1288 1336 1519 1408 quocienscunque
1548 1335 1581 1390 ad
1599 1349 1692 1390 eorum

528 1425 677 1494 peruenerit
695 1424 818 1478 notitiam
838 1423 881 1476 uel
899 1422 977 1478 fuerit
995 1424 1187 1478 denuntiatum.

564 1580 624 1633 ²15·
643 1565 711 1618 ltem
728 1575 856 1618 statutum
874 1577 901 1618 et
918 1563 1070 1618 ordinatum
1088 1576 1127 1618 est
1145 1566 1217 1636 quod
1234 1561 1322 1635 aliqua
1340 1581 1452 1635 persona
1469 1580 1525 1618 non
1543 1563 1691 1618 audertuel

526 1663 661 1724 presumat
677 1668 782 1722 pascare
800 1669 849 1706 nec
876 1651 1002 1722 pasculmi
1031 1649 1115 1704 facere
1132 1669 1148 1705 a
1166 1652 1250 1722 capite
1277 1652 1405 1722 paleucati
1424 1651 1467 1706 uel
1486 1653 1599 1706 macerie
1616 1649 1693 1706 fosati

529 1756 612 1811 usque
630 1740 658 1792 in
677 1739 838 1810 profundum
857 1741 889 1792 ab
908 1753 1021 1810 utroque
1039 1738 1137 1792 luttere.
1156 1756 1205 1794 nec
1223 1739 1333 1792 herbam
1351 1757 1423 1793 seare
1441 1739 1484 1810 (2)
1496 1756 1545 1792 nec
1562 1738 1693 1810 spinatum

529 1827 645 1881 incidere
662 1827 817 1881 rrrauchare
835 1843 881 1880 seu
899 1827 1057 1880 deteriorare
1075 1827 1117 1897 (2)
1137 1843 1185 1880 nec
1204 1827 1291 1897 ipsum
1310 1825 1437 1880 fossatum
1455 1826 1573 1880 transire
1602 1837 1629 1879 et
1647 1826 1692 1897 qui

526 1927 618 1968 contra
636 1914 726 1968 fecerit
743 1915 829 1969 soluat
848 1931 894 1984 pro
913 1913 1032 1985 quolibet
1050 1927 1076 1968 et
1100 1913 1216 1984 qualibet
1235 1914 1293 1966 uice
1311 1913 1359 1967 sol.
1378 1913 1435 1966 XX.
1455 1913 1506 1968 die.
1523 1924 1551 1966 et
1568 1911 1616 1966 sol.
1635 1911 1691 1966 XL·

525 2001 559 2054 de
576 2015 662 2055 nocte.
682 2013 707 2055 et
729 2001 840 2072 quilibet
857 2002 938 2072 possit
956 2017 1076 2054 accusare
1088 2014 1114 2055 et
1126 2001 1248 2054 consules
1259 2013 1398 2054 teneantur
1409 2001 1548 2073 inquirere.
1558 2013 1585 2054 ct
1597 1999 1691 2054 liabent

563 2245 623 2301 216.
643 2247 710 2300 Item
728 2259 855 2302 statutum
873 2260 912 2301 est
930 2247 1002 2319 quod
1029 2247 1074 2318 qui
1102 2248 1239 2318 sapauerit.
1257 2246 1455 2302 arronchauerit
1472 2245 1515 2302 uel
1533 2221 1691 2318 spianauerit

527 2349 573 2387 seu
592 2333 713 2388 clauserit
730 2335 798 2388 ultra
815 2335 945 2389 terminos
962 2335 1075 2405 possitus
1092 2335 1125 2388 ad
1143 2335 1278 2389 terr-ulium
1296 2334 1454 2389 fossatorum
1482 2335 1588 2405 bugelle
1604 2335 1690 2390 soluat

523 2438 571 2492 pro
589 2421 708 2492 quolibet
725 2435 751 2476 et
769 2423 885 2492 qualibet
903 2423 961 2475 uice
979 2421 1019 2475 sol
1039 2422 1093 2476 LX.
1112 2440 1154 2493 pp.

563 2595 622 2648 217.
641 2579 684 2648 (3)
702 2581 769 2634 ltem
788 2592 916 2635 stanuum
933 2591 972 2634 ert
990 2581 1062 2650 quod
1080 2581 1126 2651 qui
1144 2580 1294 2634 transiuerit
1311 2579 1407 2636 foesuta
1424 2597 1470 2635 seu
1497 2582 1628 2652 spinarum
1646 2581 1700 2636 uel'

524 2667 656 2722 sortilitirs
674 2667 744 2738 plani
758 2681 784 2722 et
797 2669 872 2740 placij
891 2670 999 2723 aliunde
1016 2686 1097 2741 quarn
1115 2688 1162 2741 per
1178 2681 1267 2739 portas
1295 2669 1430 2739 pubbliors
1447 2669 1534 2724 soluat
1560 2685 1608 2740 pro
1625 2687 1690 2742 quo·

524 2755 588 2808 libet
606 2767 633 2808 et
651 2756 767 2826 qualibet
785 2757 851 2809 uice.
869 2757 918 2810 sol.
938 2757 992 2811 LX.
1006 2769 1032 2810 et
1045 2759 1167 2812 consuler
1178 2769 1317 2812 teneantur
1329 2758 1462 2828 inquirere
1473 2759 1600 2828 quociens
1611 2757 1689 2812 fuerit

522 2843 560 2894 eis
578 2843 772 2896 denuntiatum
791 2856 818 2897 et
835 2845 945 2915 quilibet
963 2845 1045 2915 possit
1056 2863 1177 2900 accusare
1188 2858 1215 2899 et
1228 2845 1390 2899 denuntiare
1403 2857 1431 2899 et
1441 2857 1581 2899 teneantur
1590 2845 1684 2916 priuati

521 2941 547 2982 et
564 2929 679 2983 habeant
696 2931 800 2984 tertiam
819 2944 919 3001 partem
937 2933 1026 2986 banni.

559 3088 618 3141 218.
638 3089 680 3157 (4)
699 3089 766 3142 Item
784 3102 911 3144 statutum
930 3103 969 3145 est
987 3093 1058 3163 quod
1076 3091 1150 3145 nulla
1168 3107 1279 3162 persona
1297 3092 1391 3145 debeat
1408 3091 1451 3146 uel
1469 3103 1603 3162 presumat
1619 3103 1688 3147 tran-

521 3175 573 3229 sire
591 3191 640 3228 uec
658 3177 765 3247 aliquod
784 3178 930 3250 dampnum
949 3178 1033 3232 facere
1051 3179 1079 3232 in
1098 3180 1180 3232 muris
1198 3178 1387 3234 fortiliciarum.
1406 3179 1483 3250 placij
1503 3192 1529 3234 et
1546 3179 1626 3250 plani.
1645 3197 1687 3235 co·

520 3264 610 3317 munis
629 3263 734 3335 bugelle
752 3265 780 3318 in
799 3283 866 3335 pena
897 3279 923 3320 et
941 3267 1030 3320 banno
1060 3267 1185 3320 librarian
1203 3267 1236 3320 l'.
1255 3283 1297 3337 pp.
1316 3283 1365 3337 pro
1391 3267 1510 3338 quolibet
1527 3279 1553 3321 et
1571 3267 1687 3338 qualibet

520 3350 579 3404 vice
597 3363 623 3404 et
641 3352 709 3405 ultra
727 3351 760 3405 nd
779 3352 916 3406 arbitrium
935 3353 1075 3406 consulum
1093 3366 1120 3407 et
1138 3354 1268 3408 comunis.
1287 3353 1412 3424 qualitate
1430 3371 1541 3424 persone
1559 3367 1585 3409 et
1602 3371 1684 3409 enor-

520 3439 613 3492 mitate
630 3439 727 3492 delicti.
746 3439 886 3508 diligenter
904 3441 1027 3510 inspecta.

592 3527 659 3578 ltem
677 3527 749 3597 quod
768 3525 980 3599 quotiescunque
998 3541 1086 3582 ortum
1105 3528 1183 3582 fuerit
1201 3531 1253 3598 (ς).

556 3681 615 3736 219.
634 3667 703 3720 ltem
720 3667 792 3738 quod
811 3667 898 3738 aliqua
917 3685 1028 3738 persona
1054 3683 1111 3723 non
1128 3669 1205 3724 faciat
1223 3669 1331 3741 aliquod
1358 3683 1520 3726 montonum
1538 3669 1617 3724 leami
1635 3687 1684 3727 nec

518 3764 608 3806 tenere
621 3754 723 3808 bancha
741 3755 784 3808 uel
802 3756 888 3810 trabes
905 3768 977 3810 extra
990 3756 1156 3828 collumpuas
1167 3774 1183 3810 a
1195 3757 1295 3828 putheo
1309 3759 1419 3812 neacani
1432 3775 1514 3830 usque
1526 3759 1559 3812 ad
1571 3759 1684 3814 domum

544 3963 573 4016 (r)
587 3961 648 4010 Qrue
660 3962 811 4017 anbaquunrnr
823 3964 892 4014 rerba,
901 3966 1004 4020 posterius
1017 3965 1086 4006 addite
1098 3975 1154 4008 runt.

545 4033 574 4085 (a)
590 4033 618 4085 (a)
633 4030 729 4086 &iperius
743 4035 842 4089 scripturn
854 4045 900 4076 ert:
918 4034 984 4077 Vaut.
1051 4048 1058 4056 ·

544 4103 572 4156 (ς)
587 4102 643 4154 lum
657 4116 702 4158 cap.
716 4105 814 4159 scripturn
827 4115 871 4147 ert:
888 4105 947 4146 har
960 4107 1003 4162 μὶ
1016 4105 1070 4160 iufra
1083 4115 1118 4148 ert.

544 4175 572 4227 (⁴)
587 4172 637 4228 Cup.
652 4174 692 4214 boc
705 4175 805 4226 edjettum
818 4177 921 4232 posterius
935 4187 974 4218 eat.

543 4245 572 4300 (ς)
587 4245 655 4286 locus
669 4258 753 4290 ntum.
