3978 5546
546 503 579 560 3⁴

543 628 592 684 pm
610 609 727 683 qualibet
745 609 804 664 uice
821 609 870 666 sol.
887 609 921 662 V.
941 626 982 681 pp.
1002 607 1036 663 Et
1047 607 1136 662 simile
1148 609 1268 662 bannum
1279 605 1366 662 soluat
1378 605 1510 660 bannitm.
1522 605 1556 662 Et
1567 621 1645 678 super
1656 604 1708 662 hiis

543 697 664 756 consuler
674 697 1097 769 teneaminquirereerrenere
1107 709 1270 750 accentores
1281 694 1519 750 erdenunciatores
1528 694 1644 766 priuatos
1656 694 1707 764 (r).

542 787 583 843 lta
600 799 690 842 tamen
708 786 820 858 quodsi
838 785 884 840 ille
901 784 947 856 qui
965 785 991 840 ei
1019 783 1120 840 dederit
1146 785 1235 838 bibere
1252 781 1296 838 uel
1324 783 1464 838 comedere
1481 795 1605 854 utsupra
1622 783 1709 836 iurare

543 874 659 930 uoluerit
676 875 764 945 ipsum
782 873 883 928 nescire
900 889 957 927 esse
975 873 1115 926 bannitum
1133 871 1285 926 absoluatur
1302 871 1353 940 (r).
1372 871 1406 924 Et
1424 870 1545 926 consuler
1569 881 1709 925 teneamur

543 961 628 1018 [acme
645 962 805 1034 preconiaari
823 977 918 1016 omnes
936 961 1059 1016 bannitos
1077 971 1132 1014 tam
1151 971 1253 1013 ueteres
1274 975 1355 1030 quarn
1373 975 1460 1012 nonos
1478 958 1511 1012 de
1538 975 1644 1013 metisse
1661 974 1708 1013 no·

543 1051 666 1106 uembria
676 1050 711 1106 de
721 1065 826 1104 measse
837 1049 937 1120 marcij.
950 1060 976 1104 et
989 1049 1022 1102 de
1034 1063 1138 1102 mensse
1149 1047 1263 1118 augrrsti.
1276 1057 1302 1100 et
1315 1045 1386 1117 ipsos
1395 1046 1529 1102 nominari
1540 1062 1586 1118 per
1597 1063 1706 1102 uomere

580 1210 638 1280 178.
657 1209 725 1262 Item
742 1219 870 1264 statutum
887 1207 1017 1278 estquod
1035 1221 1129 1261 omnes
1148 1205 1250 1260 banniti
1263 1218 1290 1260 et
1308 1204 1400 1260 omnia
1411 1205 1499 1258 banna
1512 1221 1564 1279 que
1576 1217 1708 1278 ponentur
1773 1214 1782 1243 ¹

543 1311 570 1353 et
588 1297 781 1352 ordinabuntur
798 1313 845 1366 per
862 1294 983 1350 consules
1010 1307 1037 1349 et
1054 1293 1245 1348 credendarios
1272 1305 1392 1363 tempore
1418 1293 1529 1348 alicuius
1557 1293 1707 1348 consulatus

542 1397 683 1442 teneantur
700 1398 727 1440 et
745 1385 917 1438 obseruentur
934 1382 1057 1438 similiter
1074 1398 1120 1452 per
1137 1381 1259 1436 consules
1276 1381 1383 1436 alterius
1401 1380 1560 1436 consulatus.
1577 1381 1617 1436 Ita
1634 1381 1707 1455 quod

542 1473 592 1544 ipsi
610 1472 732 1527 consider
749 1483 888 1526 teneantur
905 1483 960 1524 tarn
979 1470 1012 1525 de
1030 1481 1149 1540 ternpore
1167 1469 1298 1540 preterito.
1326 1485 1408 1540 quam
1426 1469 1459 1524 de
1477 1481 1596 1542 tempore
1613 1485 1707 1524 eorum

541 1578 619 1632 super
636 1559 728 1614 omnia
746 1560 833 1612 banna
850 1569 877 1611 et
894 1573 973 1627 super
989 1573 1084 1611 omnes
1102 1557 1232 1612 bannitos

581 1715 638 1770 179.
657 1699 700 1769 (2)
718 1698 785 1752 Item
803 1707 932 1751 stammm
950 1696 1080 1767 estquod
1098 1697 1145 1767 qni
1163 1695 1315 1768 permixerit
1344 1695 1399 1750 ludi
1427 1697 1460 1750 ad
1478 1695 1595 1768 aliquem
1613 1696 1706 1751 ludum

542 1787 656 1842 Rianete
673 1803 723 1840 nec
740 1783 893 1840 taxillorum
911 1796 996 1855 preter
1013 1785 1046 1837 ad
1065 1783 1166 1838 tabulas
1184 1796 1211 1838 et
1228 1799 1324 1838 scacos.
1343 1784 1374 1837 In
1392 1799 1439 1836 sua
1457 1785 1560 1854 porticu
1572 1801 1708 1855 necsuper

542 1875 634 1946 aliquo
652 1891 702 1928 suo
719 1873 825 1928 bancho
843 1884 915 1926 extra
933 1873 1045 1926 domurn
1064 1871 1151 1925 soluat
1168 1888 1216 1942 pro
1233 1871 1352 1943 quolibet
1370 1870 1482 1925 domino
1500 1872 1596 1926 domus
1608 1883 1635 1926 et
1646 1889 1707 1944 qua·

541 1963 610 2018 libet
628 1962 687 2017 uice
704 1961 753 2016 sol.
772 1961 873 2016 decem.
892 1977 934 2031 pp.
953 1960 1043 2031 etqui
1061 1959 1162 2014 dederit
1179 1959 1217 2013 eis
1236 1959 1324 2014 bibere
1342 1961 1385 2014 nel
1404 1961 1543 2014 comedere
1572 1959 1659 2015 soluat
1675 1960 1707 2014 si-

542 2051 609 2104 mile
627 2052 754 2105 bannum.

583 2210 639 2263 180.
658 2209 727 2261 Item
745 2217 873 2260 statutum
892 2218 930 2259 est
949 2207 1021 2276 quod
1038 2206 1060 2259 si
1079 2205 1168 2260 lusum
1186 2206 1264 2260 fuerit
1282 2207 1310 2260 in
1328 2206 1412 2260 domo
1429 2207 1539 2261 alicuius
1566 2209 1704 2278 tabernarii

548 2295 684 2366 bolengari
702 2311 748 2348 sen
766 2294 904 2348 vendentis
922 2310 1018 2363 panem
1037 2293 1080 2347 uel
1098 2293 1191 2347 vinum
1210 2295 1244 2347 ad
1262 2295 1396 2348 minutum
1415 2294 1448 2347 ad
1478 2295 1594 2365 aliquem
1612 2295 1706 2349 ludum

543 2384 706 2455 pmhibitum
724 2382 796 2453 quod
815 2381 976 2435 tabernarius
995 2380 1162 2452 bolengarins
1181 2397 1226 2435 seu
1245 2383 1362 2436 vendens
1381 2383 1424 2436 uel
1443 2383 1590 2437 reuendens
1608 2401 1704 2454 panem

543 2469 585 2524 uel
604 2471 699 2523 vinum
716 2469 749 2522 ad
768 2468 903 2522 minutum
921 2485 976 2521 non
995 2469 1077 2538 possit
1094 2485 1123 2522 se
1140 2485 1263 2522 excusare
1281 2471 1383 2523 ratione
1394 2471 1547 2541 ignomncie
1564 2487 1614 2528 nec
1632 2471 1707 2542 igno

543 2558 659 2612 ranciam
677 2557 794 2627 aliquam
806 2557 910 2626 elegere
928 2567 967 2609 set
985 2571 1089 2626 semper
1105 2555 1267 2627 intelligatur
1278 2557 1427 2610 consentire
1439 2558 1502 2611 ludo
1515 2569 1541 2612 et
1554 2557 1705 2613 lussoribus.

544 2658 571 2700 et
589 2662 693 2715 semper
704 2656 824 2699 teneatur
833 2660 882 2714 pro
893 2643 1010 2714 qualibet
1020 2645 1076 2696 vice
1087 2660 1139 2714 qua
1152 2637 1252 2698 lussnr'n
1265 2643 1343 2698 fuerit
1355 2645 1383 2697 in
1397 2661 1444 2699 sua
1456 2646 1539 2700 domo
1549 2663 1596 2700 seu
1608 2645 1706 2700 habita·

541 2734 626 2788 cionis
644 2750 691 2786 sue
709 2733 752 2802 (3)
770 2749 817 2786 seu
835 2733 863 2786 in
883 2743 941 2785 ruta
960 2731 1002 2785 uel
1021 2731 1178 2786 diuerticulo
1196 2732 1292 2785 domus
1310 2731 1373 2786 licet
1390 2744 1475 2786 totam
1493 2749 1549 2786 non
1567 2733 1703 2790 habitaret.

541 2833 581 2875 set
598 2821 720 2892 quamuis
739 2819 899 2872 tabernarius
917 2831 962 2872 aut
980 2818 1129 2889 bolegarius
1147 2817 1189 2872 uel
1209 2819 1327 2872 uendens
1345 2819 1438 2873 vinum
1456 2821 1489 2874 ad
1502 2821 1637 2876 minutum
1649 2837 1704 2876 non

541 2909 651 2962 fuissent
668 2907 778 2962 acussati
790 2907 832 2960 uel
846 2907 992 2960 denuntiati
1005 2907 1108 2961 soluere
1121 2907 1164 2976 (3)
1178 2909 1295 2960 bannum
1321 2907 1369 2960 sol.
1388 2907 1443 2960 LX.
1463 2925 1504 2978 pp.
1523 2908 1574 2962 nisi
1593 2910 1707 2966 dedisset

541 2996 635 3050 vinum
654 2995 726 3066 quod
744 3007 807 3048 tunc
825 2995 988 3048 venderetur.
1007 2995 1081 3048 alteri
1100 2997 1134 3047 ad
1152 2995 1323 3048 uendendum
1335 3011 1389 3066 quo
1401 3011 1462 3049 casu
1475 2996 1520 3050 ille
1531 2997 1574 3050 cui
1593 2999 1705 3053 dedisset

541 3085 574 3138 ad
588 3083 758 3138 uendendum
770 3083 835 3136 dum
847 3082 931 3136 modo
943 3095 1011 3135 esset
1023 3082 1161 3135 soluendo.
1175 3082 1275 3135 dictum
1288 3083 1406 3136 bannum
1419 3082 1522 3136 soluere
1534 3097 1661 3139 teneatur.
1679 3101 1706 3140 et

541 3172 586 3226 ille
604 3171 678 3225 cuius
695 3183 762 3224 esset
780 3173 886 3224 taberna
904 3170 948 3224 uel
966 3171 1098 3224 habitacio
1111 3170 1228 3241 predicto
1241 3169 1283 3223 cui
1298 3171 1389 3225 datum
1401 3183 1468 3225 esset
1479 3173 1573 3226 vinum
1586 3175 1704 3228 bannum

541 3260 663 3314 soluente
681 3259 718 3312 sic
736 3275 752 3312 a
771 3260 859 3312 banno
878 3257 1036 3312 absoluanrr.
1055 3259 1106 3311 nisi
1126 3257 1263 3312 manifeste
1281 3260 1434 3328 probaretur
1451 3259 1516 3314 ludo
1533 3264 1703 3316 consensisse.

540 3363 595 3419 quo
613 3363 674 3401 casu
692 3347 772 3401 ambo
791 3357 930 3400 teneantur
946 3347 979 3400 ad
998 3363 1078 3416 penas
1096 3357 1262 3400 statutorum.
1281 3346 1340 3417 alijs
1357 3347 1446 3400 statuti
1465 3348 1498 3402 de
1516 3349 1585 3402 ludis
1611 3363 1638 3404 et
1655 3351 1705 3406 lus·

540 3437 643 3491 soribus
661 3451 715 3508 quo
732 3435 766 3488 ad
783 3433 836 3488 alia
854 3435 1068 3503 permanentibus
1086 3434 1114 3488 in
1133 3450 1180 3488 sua
1199 3435 1300 3488 roboris
1324 3433 1454 3489 finnitate.

579 3596 636 3650 181.
656 3595 724 3649 Item
741 3594 813 3664 quod
831 3594 853 3647 si
871 3592 960 3664 aliqua
978 3610 1089 3664 persona
1107 3593 1263 3648 confiteatur
1280 3597 1353 3666 quod
1371 3595 1466 3652 luxerit
1483 3597 1512 3651 in
1530 3597 1705 3652 domotaber·

540 3684 605 3754 narij
625 3699 672 3737 seu
691 3681 834 3752 bolengarij
855 3683 982 3735 habeatur
999 3699 1047 3752 pro
1065 3694 1130 3735 teste
1147 3682 1269 3752 legitimo
1287 3685 1319 3736 ad
1338 3683 1488 3739 faciendum
1520 3686 1703 3755 probationem

540 3770 688 3840 legitimam
697 3781 788 3823 contm
797 3769 974 3822 tabernarium
986 3781 1012 3822 et
1025 3769 1207 3839 bolengarium
1220 3787 1275 3824 non
1289 3773 1409 3825 obstante
1421 3771 1481 3843 lege
1492 3789 1545 3843 que
1556 3773 1620 3826 dicit
1631 3774 1704 3844 quod

540 3857 565 3910 ei
583 3857 628 3927 qui
647 3856 787 3910 confitetur
803 3873 833 3910 se
850 3857 949 3909 crimen
980 3855 1071 3910 fecisse
1089 3858 1116 3910 in
1144 3858 1202 3927 ipso
1220 3859 1331 3916 crimine
1350 3871 1440 3913 contra
1463 3860 1546 3914 alium
1565 3859 1630 3914 fides
1647 3879 1702 3916 non

540 3945 686 4000 adhibetur.

567 4151 595 4204 (r)
612 4150 639 4203 (ι)
650 4147 754 4204 Scriptum
767 4152 860 4205 ruperim
874 4161 919 4192 este
937 4152 1001 4193 Vacat.

569 4220 596 4274 (a)
611 4219 662 4274 Cap.
677 4219 716 4260 hoc
730 4229 750 4260 et
763 4221 805 4261 dno
819 4221 963 4276 subsequentia
977 4223 1055 4274 adjecta
1069 4234 1139 4278 postea
1153 4224 1260 4266 videntur:
1275 4225 1330 4279 juxta
1344 4227 1430 4281 primun
1443 4235 1536 4268 notarum
1550 4236 1595 4268 ur:
1612 4227 1688 4269 Μ,

568 4290 595 4345 (3)
612 4289 639 4344 (3)
654 4289 778 4330 Mwhlllm
792 4291 813 4330 in
826 4290 872 4331 libri
886 4294 975 4349 mugiat
989 4305 1024 4347 pet
1037 4295 1117 4351 signum
1132 4305 1170 4334 est,
