3978 5546
1418 563 1446 618 51

285 689 333 743 pro
350 672 439 726 denar.
458 670 507 724 VII
525 669 642 740 pilatam.
660 671 694 724 Et
711 681 851 724 teneantru
867 670 989 724 eonsules
1007 668 1092 724 secere
1109 671 1161 724 hoc
1180 687 1226 742 per
1243 686 1289 724 eos
1313 669 1447 724 obseruari

285 773 311 815 et
329 761 375 830 qui
393 757 574 813 contrafecerit
591 757 677 813 soluat
695 759 814 812 bannum
831 775 879 828 pro
892 757 1009 828 qualibet
1021 759 1087 812 uice.
1100 757 1148 811 sol.
1160 759 1192 812 V.
1205 769 1231 811 et
1245 759 1357 829 quisque
1369 757 1451 828 possit

284 864 419 902 occursare
436 859 462 900 et
480 845 575 900 habeat
592 863 668 900 suom
687 859 787 917 partem
806 847 895 900 banni
914 857 940 898 et
967 845 1013 916 qui
1041 846 1113 899 daret
1131 845 1190 916 plus
1217 845 1304 900 solunt
1331 846 1449 899 bannum
1472 881 1486 896 .

284 935 333 990 sol.
351 935 384 988 II.
403 946 430 988 et
447 935 570 988 consules
587 947 727 988 teneentur
744 935 876 1006 inquirere
894 933 962 988 sicut
988 935 1022 986 de
1040 933 1113 988 ludo.
1132 933 1175 1002 (r)
1193 933 1215 988 si
1234 935 1272 988 eis
1296 933 1450 989 denunciati

285 1023 327 1077 uel
346 1023 444 1076 ocusrti
463 1020 568 1076 luerint
587 1022 630 1091 (1)

320 1144 380 1215 265.
398 1145 465 1198 Item
483 1155 611 1198 statutum
629 1157 668 1197 eet
686 1144 758 1215 quod
776 1159 870 1197 omnes
888 1155 997 1198 testores
1015 1144 1163 1226 habitptee
1180 1144 1209 1198 in
1228 1144 1333 1214 bugella
1343 1155 1450 1198 tenean-

284 1247 327 1287 tur
344 1244 370 1286 et
387 1233 500 1287 debeant
518 1231 602 1284 lacere
619 1231 700 1285 telam
718 1231 861 1286 hominum
871 1233 904 1286 de
914 1232 1019 1302 bugella
1029 1245 1171 1304 antequam
1191 1231 1350 1286 lorenssium
1362 1232 1448 1286 silicet

284 1322 411 1392 parietem
429 1320 491 1374 riste
516 1319 626 1372 subtilis.
655 1335 703 1389 pro
721 1319 809 1372 dener.
829 1319 899 1372 XVI.
918 1331 944 1373 et
965 1321 1027 1373 riste
1044 1337 1142 1390 grosse.
1161 1336 1210 1390 pro
1228 1320 1317 1374 dener.
1337 1319 1447 1374 XIIlI.⁰'

284 1421 310 1464 et
327 1421 411 1478 stupe.
430 1424 486 1477 pro.
505 1409 565 1461 den.
584 1407 642 1462 IIII.
661 1419 687 1460 et
706 1423 930 1476 pecaguooorum
950 1424 1005 1476 pro.
1024 1408 1113 1462 denar.
1132 1407 1165 1462 x
1178 1420 1205 1461 et
1217 1423 1273 1460 non
1286 1406 1352 1476 plue
1365 1407 1404 1461 lid
1416 1408 1450 1460 de

284 1497 382 1566 pariete
400 1495 481 1566 penui
498 1495 550 1548 albi
569 1495 672 1548 habeut.
690 1495 779 1548 denar.
799 1494 882 1548 VIIII.
902 1505 929 1548 et
947 1495 980 1548 de
997 1495 1076 1564 nigro
1094 1495 1176 1548 dener
1193 1495 1227 1548 X.
1245 1493 1278 1548 Iit
1296 1510 1352 1547 non
1382 1493 1449 1564 plus.

285 1597 310 1637 et
328 1583 374 1653 qui
393 1582 573 1636 contrafecerit
592 1582 678 1636 soluat
697 1583 814 1636 bannum
828 1598 876 1652 pro
888 1582 1005 1652 quolibet
1016 1583 1081 1635 vice.
1097 1581 1145 1635 sol.
1158 1582 1284 1651 quinque
1295 1581 1379 1652 etqui
1392 1581 1450 1650 plus

285 1672 347 1724 inde
365 1669 466 1724 dederit
482 1669 569 1723 solunt
586 1669 674 1723 slmile
693 1670 810 1722 bannum
829 1686 878 1722 nec
896 1670 989 1722 debent
1016 1669 1115 1739 aliquId
1143 1685 1234 1738 erpere
1251 1668 1285 1721 de
1303 1667 1384 1738 spolis
1401 1683 1451 1722 nec

285 1758 318 1811 de
336 1757 495 1812 ordimento.
515 1769 541 1810 et
559 1757 680 1811 consuler
699 1769 838 1810 teneantur
856 1757 908 1810 hoc
926 1756 1010 1810 lucere
1029 1757 1170 1810 obseruari.
1190 1769 1216 1810 et
1234 1755 1451 1809 contrafacientes

285 1846 418 1916 inquirere
435 1859 572 1916 tamquam
590 1846 624 1898 de
642 1843 713 1898 ludo.
733 1845 775 1914 (a)
794 1845 815 1898 si
834 1845 872 1898 eis
890 1845 1041 1898 denunciari
1060 1844 1103 1898 uel
1121 1843 1219 1898 acusati
1238 1843 1344 1896 luerint.
1363 1843 1406 1912 (2)

322 1985 381 2040 266.
400 1986 468 2039 Item
486 1997 614 2038 statutum
632 1997 670 2038 eet
688 1985 760 2055 quod
779 1984 873 2055 ailquis
892 1985 925 2038 de
944 1983 1048 2054 bugella
1064 1984 1110 2055 qui
1122 1985 1221 2038 habitet
1233 1983 1261 2037 in
1276 1981 1382 2053 bugella
1394 1998 1449 2036 non

285 2073 379 2127 debeat
396 2090 444 2126 nec
463 2083 609 2142 pressumnt
629 2089 685 2125 esse
703 2073 827 2143 spmdicus
845 2085 998 2141 procurator
1015 2088 1064 2124 nec
1083 2085 1156 2124 octor
1174 2070 1216 2140 (r)
1235 2087 1285 2124 nec
1308 2071 1451 2124 advocatus

286 2161 329 2229 (1)
347 2161 457 2214 alicuius
475 2159 518 2214 uel
536 2159 688 2230 aliquorum
707 2171 799 2212 contra
817 2159 948 2213 honorem
967 2169 994 2212 et
1012 2159 1095 2212 bonas
1107 2158 1311 2212 consuetudines
1328 2157 1451 2211 comunis

285 2259 312 2301 et
330 2247 474 2300 hominum
492 2246 598 2316 bugelle
616 2259 642 2302 et
694 2247 700 2260 '
713 2245 895 2300 contrafecerit
907 2247 940 2300 sit
953 2246 1057 2316 penitus
1069 2245 1202 2298 exclussus
1214 2246 1247 2298 ab
1259 2245 1335 2299 omni
1348 2245 1452 2300 bonore

285 2337 402 2390 comodo
420 2347 447 2388 et
464 2335 575 2388 utilitate
592 2263 715 2388 comffls
734 2334 840 2404 bugelle
858 2347 883 2387 et
901 2351 956 2387 non
976 2335 1009 2388 sit
1022 2334 1055 2387 de
1069 2334 1204 2388 credentia
1217 2350 1266 2388 nec
1277 2333 1311 2386 de
1323 2332 1451 2386 conscilio

285 2440 334 2476 nec
351 2423 446 2476 bobert
464 2421 573 2492 aliquod
590 2421 710 2476 officium
728 2422 859 2476 comunis.
878 2433 904 2476 et
922 2422 944 2474 si
962 2420 1071 2491 aliquod
1091 2421 1239 2492 dampnum
1259 2421 1283 2474 ei
1302 2419 1376 2474 lieret
1394 2435 1450 2473 non

285 2512 442 2564 emendetur
459 2511 484 2564 ei
502 2527 551 2564 nec
570 2511 721 2564 restituatur
739 2526 785 2580 per
803 2510 949 2580 predictum
968 2525 1091 2562 comune
1111 2509 1154 2578 (2)
1172 2521 1199 2562 et
1226 2507 1313 2564 soluat
1331 2509 1450 2562 bannum

285 2615 333 2669 pro
349 2599 469 2670 quolibet
487 2609 513 2652 et
531 2596 649 2667 qualibet
667 2598 724 2652 uice
742 2598 791 2650 sol.
812 2597 866 2650 LX.
885 2613 928 2667 pp.
947 2598 991 2666 (a)

322 2736 381 2806 267.
400 2737 443 2806 (3)
461 2736 528 2791 Item
546 2747 674 2790 statutum
693 2747 731 2789 est
749 2737 822 2806 quod
839 2735 934 2806 aliquis
952 2736 1037 2789 homo
1056 2735 1098 2790 uel
1118 2733 1217 2790 lemine
1228 2735 1262 2790 de
1274 2734 1379 2808 bugella
1394 2751 1451 2790 non

286 2825 367 2896 possit
380 2841 429 2878 noc
441 2824 535 2877 debeat
545 2823 659 2876 vendere
671 2823 785 2876 alienare
798 2823 897 2876 donare
908 2839 995 2894 neque
1007 2824 1124 2893 judicare
1136 2839 1185 2876 nec
1197 2823 1316 2877 indotem
1326 2823 1370 2876 uel
1382 2823 1452 2877 into

286 2911 380 2965 lutum
393 2927 439 2964 seu
450 2927 610 2982 quocunque
622 2909 675 2964 alio
687 2909 855 2963 alienationis
867 2909 945 2963 titulo
958 2909 1020 2963 dare
1033 2926 1079 2964 seu
1093 2911 1248 2964 conuehere
1265 2909 1308 2964 uel
1327 2911 1446 2982 obligare

286 2999 402 3070 aliquam
414 2998 528 3052 domum
540 2998 583 3051 uel
596 2998 692 3050 domos
705 3009 784 3050 terres
797 2996 839 3050 uel
850 2998 1027 3067 possessiones
1039 2997 1153 3052 iacentes
1165 2999 1192 3052 in
1203 2998 1334 3052 territorIo
1343 3011 1370 3052 et
1380 3009 1452 3051 curte

287 3085 392 3156 bugelle
404 3099 430 3140 et
442 3085 550 3138 vernari.
564 3085 641 3138 alicui
655 3101 766 3155 persone
779 3083 819 3137 uel
836 3084 954 3155 personis
966 3087 1075 3138 comuni
1088 3085 1202 3155 collegio
1215 3085 1258 3138 uel
1276 3083 1451 3138 vuluerssittti

285 3191 338 3246 que
356 3191 410 3228 non
429 3173 463 3226 sit
480 3175 514 3226 de
532 3171 636 3244 bugella
655 3183 681 3226 et
699 3188 755 3226 non
774 3171 860 3225 soluat
878 3172 965 3224 bonon
984 3171 1058 3224 fodra
1077 3185 1102 3225 et
1120 3173 1184 3225 nlius
1202 3172 1377 3242 inpositionee
1389 3187 1451 3225 cum

287 3261 442 3315 hominibus
460 3260 566 3330 bugelle
585 3272 611 3314 et
629 3261 675 3331 qui
695 3275 750 3314 non
769 3261 802 3312 sit
829 3258 961 3312 habitator
979 3258 1085 3327 bugelle
1103 3260 1145 3329 (ι)
1172 3261 1319 3313 secundum
1337 3259 1452 3314 somam

286 3349 400 3402 allorum
418 3361 576 3402 statutorum
595 3349 646 3417 (1).
665 3347 698 3401 Et
716 3347 762 3418 qui
780 3345 962 3400 contrafecerit
979 3347 1065 3399 solunt
1085 3347 1203 3400 bannum
1222 3345 1355 3400 librarum.
1366 3346 1398 3400 X.
1409 3363 1452 3416 pp.

287 3437 320 3490 Iit
332 3437 397 3490 ultre
410 3437 461 3490 hoc
474 3449 594 3490 tenentur
606 3451 700 3489 omnes
713 3451 772 3488 suas
784 3445 864 3487 terras
876 3445 902 3487 et
915 3434 1092 3505 posseesi0nes
1106 3435 1226 3488 indotem
1245 3435 1318 3486 datas
1335 3447 1361 3486 et
1379 3433 1451 3486 obli-

288 3538 361 3594 gatas
378 3535 469 3578 conten
487 3525 606 3594 superius
624 3523 744 3577 ordinato
763 3522 875 3576 vendere
893 3539 941 3592 pro
960 3538 994 3575 eo
1012 3523 1100 3592 precio
1118 3523 1191 3592 quod
1217 3499 1337 3574 estimate
1356 3519 1453 3574 luerint

287 3629 332 3681 per
350 3611 514 3665 estimetores
531 3611 654 3664 comunis
673 3610 785 3680 bugelle.
805 3607 871 3662 inim
884 3622 936 3662 tres
950 3625 1067 3662 meneser
1085 3621 1226 3678 postquam
1240 3607 1347 3661 iecerint
1360 3619 1452 3662 contre

287 3699 409 3771 predicte.
428 3698 471 3767 (2)
489 3697 594 3751 homini
614 3699 735 3752 abitatori
754 3696 859 3767 bugelle
877 3709 903 3750 et
921 3697 942 3750 si
961 3709 1053 3749 comm
1071 3695 1168 3748 lactum
1182 3695 1259 3748 luerit
1269 3696 1319 3764 (2).
1330 3695 1453 3764 hemptor

286 3799 314 3840 et
331 3785 376 3840 ille
393 3785 439 3857 qui
457 3787 585 3855 acceperit
603 3786 749 3840 Insolutum
762 3785 852 3854 perdat
865 3801 896 3837 ee
908 3800 960 3852 que
971 3785 1065 3836 emerit
1078 3797 1104 3836 et
1116 3801 1168 3854 que
1180 3783 1326 3836 insolutum
1339 3781 1451 3852 coeperit

286 3887 313 3928 et
331 3875 486 3944 perueniant
503 3875 532 3926 iu
550 3889 667 3928 comune
684 3871 797 3942 bugelle
810 3871 844 3924 Et
861 3869 906 3924 ille
924 3871 970 3940 qui
988 3871 1116 3940 acceperit
1134 3871 1162 3924 iu
1181 3871 1280 3924 dotem
1293 3871 1314 3924 si
1327 3869 1450 3924 otendere

287 3961 445 4014 recusauerit
462 3971 489 4014 et
506 3958 590 4014 secere
608 3959 790 4014 venditionem
808 3973 863 4012 non
881 3957 1032 4028 promuerit
1049 3971 1076 4012 er
1093 3957 1183 4012 lecerit
1201 3957 1243 4011 uel
1262 3973 1318 4012 oon
1336 3955 1450 4028 pomerit

315 4133 344 4184 (ι)
356 4131 387 4186 (ι)
402 4143 422 4174 rt
435 4133 468 4186 (a)
483 4135 512 4186 la)
528 4131 592 4174 verbe
606 4133 707 4187 porteriur
722 4134 804 4186 scripta.

311 4202 344 4254 (p)
358 4203 403 4244 lior
417 4215 437 4244 er
452 4217 503 4258 quae
517 4203 668 4257 subsequuntur
681 4202 769 4256 cepitula
782 4203 871 4242 mininie
886 4201 949 4242 lirrrir
965 4203 1077 4242 initialibus
1091 4211 1166 4251 rerem,
1177 4215 1199 4242 ec
1215 4201 1322 4256 posteriori
1337 4209 1383 4240 erret
1397 4195 1452 4240 ml·

283 4271 342 4326 June
356 4287 400 4327 cup.
416 4275 455 4325 267
469 4275 565 4327 scriptum
579 4284 624 4313 cett
649 4271 707 4312 l'erel
727 4274 769 4326 pede
790 4281 845 4325 repre
865 4281 890 4312 ul
912 4281 991 4312 rut-ru
1013 4283 1064 4326 repo
1085 4273 1115 4312 bor
1130 4275 1188 4328 magis
1209 4281 1319 4326 cupressum.
1335 4271 1453 4314 insarno

285 4345 386 4396 scriptum
401 4353 446 4384 eet:
462 4341 647 4384 ucccm'ml.
662 4346 741 4397 purim
756 4351 781 4382 nr
795 4351 846 4396 nuper
860 4343 891 4382 bec
905 4351 971 4384 rluleto
985 4351 1046 4383 ruas.
