3926 5542
1379 527 1425 596 183

263 655 341 710 suerit
358 674 373 709 a
392 656 467 710 dictis
485 655 674 726 quantitatibus
693 655 768 718 intra,
779 665 843 708 tunc
853 649 976 724 puniatur¹
985 653 1093 708 arbitrio
1102 651 1273 706 dominorum
1284 649 1428 720 potestatis,

263 745 368 813 clauarij
388 757 415 797 et
433 744 583 806 consulum,
598 744 713 812 inspecta
731 743 887 796 conditione
905 758 1016 811 persone
1036 753 1062 794 et
1080 741 1206 811 qualitate
1218 739 1314 793 delicti.
1325 738 1357 790 Et
1367 753 1429 790 con·

227 825 232 834 '
263 834 421 900 dampnetur
439 833 519 884 etiam
537 831 623 884 taliter
641 831 797 902 delinquens
816 831 848 882 ad
867 829 1061 882 restitutionem
1080 827 1153 898 dupli
1173 827 1210 880 rei
1241 827 1365 880 derobate
1383 841 1430 878 seu

264 920 361 972 unioris
379 919 460 988 ipsius
478 917 638 971 uiolanciam
658 935 741 988 passo.
762 917 794 970 Et
813 933 881 986 pena
900 917 954 987 pari
974 917 1118 986 puniantur
1136 927 1268 984 raptentes
1286 913 1329 982 (1)
1349 914 1431 966 dictas

264 1007 378 1061 robarias
397 1008 509 1060 scienter
527 1018 553 1059 et
571 1007 663 1058 dantes
681 1007 705 1058 ei
724 1005 853 1058 auxilium
872 1005 1028 1057 conscilium
1048 1017 1074 1057 et
1093 1003 1223 1056 iquorem.
1243 1003 1326 1065 Quod
1345 1013 1430 1054 statu-

263 1109 321 1148 tum
340 1113 396 1148 non
415 1095 537 1148 uendicet
557 1093 606 1148 sibi
625 1095 715 1146 iocum
734 1093 767 1147 In
781 1093 906 1146 fructibus
916 1110 1004 1146 rerum
1018 1093 1050 1144 de
1061 1093 1156 1162 quibus
1167 1104 1234 1144 esset
1243 1092 1430 1144 controuersia.

264 1185 292 1236 in
313 1183 408 1253 quibus
426 1183 550 1253 punietur
570 1180 667 1234 iaciens
694 1181 855 1248 uioinnciam
875 1181 902 1232 in
922 1180 1087 1232 restitutione
1117 1178 1250 1232 iructnuru
1270 1179 1431 1232 uiolanciam

264 1288 340 1342 passo
358 1283 384 1325 et
402 1271 430 1324 in
449 1271 531 1340 dupio
549 1269 733 1324 extimationis
751 1268 884 1323 fiumtmm
902 1269 1050 1320 ablatorum
1070 1267 1226 1337 applicando
1245 1267 1354 1320 comuni
1374 1267 1430 1320 Bn-

263 1359 333 1430 geiie
351 1375 400 1412 nec
418 1359 498 1412 etiam
517 1357 696 1428 suprascriptis
715 1358 790 1427 penis
809 1357 959 1410 subiaceant
979 1355 1082 1408 domini
1103 1355 1145 1408 uel
1164 1355 1237 1426 quasi
1257 1355 1361 1408 domini
1375 1372 1432 1424 pos·

264 1446 396 1500 sesionem
416 1448 584 1516 pignerantur
602 1447 716 1516 dampne
735 1447 826 1498 dantes
840 1445 867 1498 in
877 1429 971 1498 eorum
981 1444 1120 1514 camparijs
1132 1443 1281 1496 dummodo
1292 1443 1431 1512 consignat

265 1535 376 1606 pignora
395 1534 461 1588 inira
479 1547 531 1588 tres
549 1533 605 1588 dies
623 1534 736 1587 donuno
749 1533 870 1604 potestati
880 1533 923 1586 uel
935 1531 1033 1586 uicario
1044 1544 1089 1586 aut
1100 1531 1216 1584 clauario
1227 1530 1271 1584 uel
1280 1531 1432 1585 consulibus

265 1623 322 1676 siue
340 1623 414 1676 alteri
433 1623 559 1692 ipsorum.

267 1815 318 1882 32.
342 1795 392 1864 De
415 1818 449 1864 re
472 1795 631 1864 subtracta
652 1797 784 1864 inuenta
807 1818 905 1885 penes
929 1793 1067 1886 aliquam
1091 1815 1273 1884 personam.

302 1921 368 1974 item
387 1933 514 1974 statutum
533 1933 571 1974 est
589 1921 701 1992 quodsi
720 1937 771 1992 qua
790 1937 830 1974 res
849 1919 944 1974 furtiua
962 1919 1005 1974 uei
1025 1921 1120 1974 amissa
1131 1919 1172 1973 uei
1185 1921 1211 1973 ui
1223 1919 1307 1974 ablata
1319 1918 1433 1975 inuenta

269 2007 346 2062 fuerit
364 2025 444 2079 penes
462 2009 579 2080 aliquam
598 2025 809 2080 personamque
828 2025 883 2062 non
902 2009 936 2062 sit
954 2010 1024 2063 bone
1043 2009 1112 2062 lame
1131 1989 1376 2062 et⁸conuersationis
1390 2025 1434 2079 pu·

267 2096 355 2150 niatur
372 2096 480 2166 perinde
498 2113 528 2150 ac
547 2098 568 2149 si
587 2097 671 2166 ipsam
691 2113 746 2150 rem
765 2097 936 2166 subripuisset
954 2097 1004 2150 nisi
1023 2097 1134 2160 exibeat,
1147 2096 1189 2150 uel
1210 2097 1301 2166 probet
1314 2097 1434 2150 datorem

267 2185 309 2237 uel
328 2201 357 2238 se
375 2185 480 2254 publice
498 2185 640 2248 inuenisse,
658 2201 714 2256 quo
732 2201 802 2250 casu,
820 2185 853 2238 ad
874 2185 1066 2238 restitutionem
1086 2197 1189 2238 tantum
1211 2185 1294 2238 modo
1306 2197 1433 2238 teneemr.

266 2272 294 2326 Si
314 2289 378 2326 uero
398 2273 474 2326 luerit
493 2274 563 2327 bone
581 2271 651 2328 iarne
670 2285 696 2326 et
714 2289 770 2326 non
789 2285 907 2342 suspecta
925 2274 1043 2326 restituat
1062 2291 1118 2326 rem
1137 2289 1198 2326 curn
1217 2273 1345 2342 expensis.
1357 2273 1389 2326 Et
1401 2274 1434 2327 de

267 2360 388 2432 predictis
406 2360 451 2414 liat
469 2361 584 2418 sumana
602 2360 722 2432 cognitio
740 2361 797 2414 sine
816 2360 906 2415 libello
924 2373 951 2414 et
969 2361 1078 2432 strepitu
1097 2373 1122 2414 et
1141 2359 1225 2432 ligura
1245 2361 1344 2433 iudicij.

270 2553 319 2619 33.
343 2533 393 2600 De
417 2534 635 2622 incendiariis.

302 2638 372 2693 item
388 2653 515 2694 statutum
535 2653 574 2694 est
592 2641 664 2712 quod
682 2639 703 2694 si
722 2641 781 2712 quis
808 2653 948 2710 appensate
977 2634 1019 2694 uei
1038 2641 1130 2694 dolose
1157 2641 1287 2710 possuerit
1304 2657 1350 2694 seu
1369 2639 1434 2710 poni

268 2725 365 2791 lecerit,
383 2727 484 2796 ignem,
503 2739 548 2782 aut
567 2729 741 2792 mandauerit,
761 2729 860 2796 ignem,
879 2729 936 2782 siue
954 2729 1109 2782 incendium
1128 2729 1155 2782 in
1175 2729 1263 2798 aliqua
1288 2730 1372 2782 domo
1391 2726 1433 2780 uei

266 2814 354 2866 casina
372 2830 425 2883 que
443 2815 604 2868 habitaretur
621 2831 667 2885 per
684 2815 800 2887 aliquem
819 2827 845 2869 et
864 2815 952 2886 aliqua
970 2833 1081 2886 persona
1101 2817 1245 2886 perinaex
1256 2815 1328 2868 dicto
1347 2815 1436 2868 incen-

267 2901 312 2954 dio
332 2901 374 2954 uei
394 2901 456 2970 igne
475 2915 668 2957 cumcremetur
686 2903 772 2958 taliter
781 2904 853 2974 quod
873 2905 1008 2958 morietur.
1020 2905 1047 2958 Si
1060 2921 1123 2958 uero
1134 2923 1188 2958 non
1199 2905 1311 2974 perierit,
1322 2920 1433 2973 persona

268 2988 355 3058 aliqua
374 2989 521 3060 dampnum
540 2991 612 3062 quod
631 2991 693 3045 inde
712 2991 810 3044 iactum
830 2991 915 3056 fuerit,
925 2991 1070 3046 ascenderit
1090 3010 1171 3062 usque
1190 2995 1222 3046 ad
1242 2993 1320 3046 libras
1339 2991 1434 3060 viginti

269 3077 386 3148 quinque
406 3080 569 3148 papiensium
589 3079 621 3132 Et
640 3081 672 3133 ab
691 3081 753 3134 inde
771 3097 848 3148 supra
866 3082 946 3133 mam
966 3081 1029 3148 igne
1047 3095 1240 3134 cumeremetur
1258 3081 1344 3132 taliter
1362 3079 1433 3148 quod

269 3166 373 3233 penitus
392 3167 527 3220 moriatur.
547 3167 575 3220 Si
595 3185 658 3222 uero
676 3185 692 3220 a
711 3168 782 3220 libris
793 3169 1006 3238 vigintiquinque
1017 3168 1082 3220 infra
1095 3171 1305 3236 condempnetur
1318 3167 1347 3220 io
1361 3166 1434 3218 libris

270 3253 410 3306 tricenium
432 3253 605 3324 papiensium.
625 3257 699 3318 Quas
718 3257 738 3308 si
759 3273 814 3308 non
833 3257 941 3308 soluerit
961 3255 1027 3308 inira
1046 3258 1190 3309 tenninum
1206 3257 1254 3308 sibi
1274 3255 1436 3308 incondam·

273 3340 398 3408 pnatione
416 3343 586 3396 statuendum
604 3357 710 3396 eruatur
727 3345 776 3396 sibi
796 3360 864 3396 unus
883 3343 1037 3396 occulus.Si
1057 3359 1121 3396 uero
1133 3345 1160 3396 in
1180 3345 1262 3396 domo
1282 3343 1323 3396 uei
1344 3342 1435 3394 casim

270 3443 324 3479 non
344 3427 459 3482 habitata
479 3443 504 3482 et
523 3431 669 3500 dampnum
688 3433 759 3502 quod
778 3449 809 3484 ex
829 3433 900 3485 dicto
919 3433 981 3500 igne
991 3449 1036 3484 seu
1047 3431 1171 3484 meuldin
1181 3445 1332 3500 sequeretur
1349 3445 1436 3484 ascen·

271 3515 344 3568 deret
361 3517 394 3569 ad
413 3518 587 3586 quantitatem
607 3519 732 3572 librarum
751 3520 952 3588 quinquaginta,
971 3520 1136 3588 papiensium
1155 3519 1197 3571 uei
1226 3521 1258 3570 ab
1277 3519 1339 3570 inde
1357 3533 1435 3585 supra

270 3603 488 3672 condantpnetur‚
509 3605 537 3658 in
557 3605 629 3658 libris
647 3606 792 3660 ducentum
812 3608 984 3676 papiensium.
1014 3609 1090 3669 Quas
1109 3607 1130 3658 si
1159 3624 1214 3658 non
1233 3607 1349 3667 soluerit,
1368 3605 1434 3656 inira

270 3691 414 3742 terminum
434 3691 482 3744 sibi
503 3692 530 3744 in
549 3694 790 3763 condempnatione
809 3709 945 3758 statutum,
958 3697 1029 3764 quod
1048 3707 1154 3747 eruatur
1172 3694 1220 3746 sibi
1241 3711 1308 3746 unus
1319 3692 1434 3746 occulus.

270 3781 298 3834 Si
319 3795 383 3832 uero
401 3779 548 3848 dampnum
567 3799 598 3834 ex
617 3781 688 3834 dicto
707 3783 769 3850 igne
788 3799 834 3836 seu
853 3783 977 3836 incendio
995 3785 1163 3836 subsecutum
1175 3783 1288 3834 omnino
1300 3781 1437 3834 excederet

271 3868 389 3920 uaiorem
409 3867 533 3920 librarum
554 3869 764 3940 Quinquaginta,
778 3871 989 3939 condampnetur
1007 3871 1034 3924 in
1055 3870 1126 3922 libris
1137 3883 1253 3930 centum,
1264 3869 1339 3930 Quas
1349 3869 1370 3922 si
1381 3885 1436 3921 non

271 3953 380 4008 soluerit
398 3955 430 4008 ad
450 3957 594 4010 terminum
613 3957 662 4010 sibi
682 3959 859 4022 statuendum,
879 3957 1018 4026 instigetur
1037 3975 1082 4027 per
1100 3969 1183 4010 totam
1203 3969 1307 4018 terram,
1328 3956 1438 4022 bugelle

272 4057 298 4097 et
317 4055 406 4112 postca
425 4043 474 4096 sibi
494 4061 545 4098 una
565 4045 634 4098 auris
653 4059 811 4115 amputetur.
825 4047 857 4100 Et
877 4047 902 4100 in
915 4047 1033 4117 quolibet
1052 4045 1229 4114 preliatorum
1240 4059 1357 4106 casuum,
1367 4045 1438 4096 Con·

271 4133 430 4202 dampnetur
448 4132 534 4186 taliter
551 4134 708 4205 delinquens
727 4135 759 4188 ad
779 4135 973 4188 restitutionem
992 4133 1065 4204 dupli
1084 4133 1193 4203 dampni
1214 4147 1298 4202 passo.
1320 4131 1353 4184 Et
1371 4131 1438 4186 iacta

301 4351 328 4404 lt)
344 4347 367 4390 iu
383 4349 424 4389 aiio
438 4345 531 4398 exemplo
546 4343 631 4400 legitur:
646 4353 761 4400 respueres.
