3958 5540
1430 507 1460 562 55

302 611 374 683 quod
387 611 467 666 habet
478 624 505 666 et
516 611 613 666 habere
624 625 711 683 posset
722 612 751 665 in
764 612 839 666 dictis
851 613 930 682 pratis
942 629 995 683 que
1007 623 1079 666 tenet
1091 629 1106 666 a
1118 609 1228 666 comuni
1247 611 1289 680 (1)
1302 623 1329 665 et
1341 612 1463 666 consules

303 715 358 754 non
377 701 514 770 paciantur
531 701 595 770 poni
613 701 641 753 in
660 700 796 752 credencia
814 701 886 769 quod
904 701 928 752 ei
947 699 992 753 lint
1010 701 1097 772 aliquo
1114 703 1198 771 gratia
1218 715 1245 756 et
1262 701 1345 772 gratia
1363 717 1409 754 seu
1427 718 1465 754 re

302 785 425 841 formatio
444 785 510 840 lucta
528 799 619 842 contm
638 805 743 856 presens
761 799 889 841 stitutum
902 787 1004 840 nullum
1016 789 1129 842 omnino
1140 789 1236 843 habent
1248 789 1408 842 firmitatem.
1421 787 1464 856 (t)

302 887 328 928 et
346 873 413 928 ultro
431 875 483 927 hoc
502 891 556 928 non
575 876 670 928 audeat
682 874 725 928 uel
744 887 877 944 presumat
894 891 967 928 seare
985 887 1056 944 prntn
1076 893 1128 946 que
1146 889 1218 930 tenet
1236 894 1251 930 a
1277 877 1394 930 comuni.
1413 875 1464 928 nisi

303 962 373 1032 prius
390 961 500 1016 soluerit
517 962 640 1016 solarium
658 961 773 1016 clauario
792 963 913 1016 comunis
931 963 959 1016 in
979 979 1046 1032 pena
1066 975 1092 1016 et
1116 965 1212 1017 banno.
1231 964 1279 1018 sol.
1298 964 1331 1018 V.
1351 981 1393 1034 pp.

338 1101 397 1169 285.
416 1101 483 1154 ltem
501 1113 628 1156 statutum
640 1113 679 1154 est
691 1103 762 1172 quod
774 1113 893 1156 tenentes
905 1113 977 1172 prntn
989 1103 1111 1156 comunis
1124 1105 1258 1156 montium
1276 1115 1303 1156 et
1322 1118 1464 1158 neruorum

302 1189 425 1242 comunis
444 1188 548 1258 bugelle
565 1190 598 1242 ad
617 1189 716 1242 fictum.
747 1201 886 1243 teneantur
912 1201 939 1242 et
957 1191 1071 1243 debeant
1098 1191 1208 1244 soluisse
1235 1190 1278 1242 uel
1311 1189 1465 1243 satisfecisse

303 1275 394 1330 lictum
412 1277 527 1331 clnuario
550 1277 679 1330 comunis.
708 1278 753 1347 qui
781 1293 828 1346 pro
855 1278 1018 1346 temporibus
1037 1278 1121 1332 luerit
1140 1277 1209 1331 lnlra
1228 1277 1347 1330 medium
1367 1278 1466 1330 mensis

302 1365 407 1434 augusti
425 1377 451 1417 et
470 1365 530 1418 ficta
557 1377 691 1434 pratorum
717 1364 802 1418 insule
829 1366 906 1418 strui.
934 1365 968 1418 Et
985 1367 1077 1420 omnin
1095 1366 1146 1418 alia
1164 1365 1222 1418 ficto
1248 1383 1300 1434 per.
1319 1365 1390 1418 Vlll.
1409 1365 1465 1417 dies

302 1463 363 1504 nnte
376 1451 471 1505 festum
484 1453 567 1506 suncti
580 1453 695 1506 martini.
709 1453 743 1506 Et
754 1453 800 1522 qui
813 1469 868 1505 non
881 1453 989 1505 soluerit
1008 1452 1077 1506 Infra
1090 1453 1218 1522 predictos
1237 1453 1279 1520 (2)
1299 1452 1341 1504 uel
1360 1451 1464 1505 satisfe-

303 1539 366 1591 cerit
384 1551 523 1592 teneantur
540 1539 643 1594 soluere
662 1552 688 1593 et
707 1541 831 1592 acordare
861 1540 976 1593 clauurio
997 1553 1120 1610 quartum
1144 1540 1202 1610 plus
1230 1540 1302 1609 quod
1320 1539 1466 1592 ascenderit

303 1625 404 1678 dictum
422 1625 521 1680 fictum.
540 1629 573 1680 de
590 1643 644 1697 quo
663 1639 757 1697 quarto
775 1626 877 1680 nullam
895 1628 976 1696 possit
1003 1627 1100 1680 habere
1127 1628 1247 1696 gratiam
1266 1627 1299 1679 Et
1318 1627 1389 1696 quod
1408 1625 1465 1677 cln-

303 1715 391 1766 uan'us
408 1715 441 1767 de
459 1715 530 1768 dicto
547 1727 641 1786 quarto
659 1727 779 1770 tenentur
796 1715 906 1768 comuni
925 1715 1056 1785 integram
1075 1715 1182 1768 reddere
1200 1713 1331 1768 tutionem
1343 1715 1401 1768 siue
1411 1713 1465 1766 exi·

303 1801 372 1872 gerit
390 1802 447 1856 siue
465 1817 529 1856 non.

681 2081 729 2136 nn
748 2079 889 2153 nesrsz.
909 2111 942 2122 -
961 2079 992 2136 re
1011 2079 1085 2136 xvi

339 2305 398 2362 286.
416 2307 550 2362 statutum
568 2321 607 2362 est
624 2308 696 2378 quod
714 2309 760 2378 qui
779 2309 882 2362 duxerit
899 2308 943 2362 uel
961 2308 1022 2362 duci
1041 2307 1137 2362 lecerit.
1156 2309 1250 2363 bestius
1268 2308 1411 2364 hominum
1430 2311 1463 2364 de

304 2407 375 2448 extra
394 2395 528 2465 bugellum
546 2396 578 2448 nd
597 2396 757 2464 pascendum
776 2397 804 2448 iu
823 2396 941 2450 comuni.
960 2412 1010 2448 nec
1028 2396 1057 2448 in
1075 2395 1206 2449 territorio
1231 2397 1335 2466 bugelle
1353 2397 1411 2450 sine
1429 2397 1464 2449 li-

304 2483 393 2534 ceucin
411 2482 547 2535 credencie
564 2481 651 2535 soluat
669 2483 787 2535 bannum
815 2499 862 2552 pro
881 2483 1000 2552 quolibet
1027 2495 1053 2535 et
1071 2483 1187 2552 qualibet
1205 2483 1261 2536 vice
1279 2482 1326 2536 sol.
1345 2483 1404 2537 XX.
1423 2501 1465 2554 pp.

304 2569 337 2622 Et
354 2569 475 2622 consules
493 2581 632 2623 teneantur
650 2587 696 2638 per
713 2585 807 2624 eorum
825 2581 1020 2623 sacramentum
1038 2570 1177 2639 inquirere
1197 2581 1224 2622 et
1243 2583 1301 2639 post
1318 2585 1400 2640 quum
1419 2567 1467 2622 sci·

304 2656 390 2709 uerint
407 2656 583 2710 incontinenti
601 2657 731 2726 expellere
749 2657 792 2710 uel
811 2656 905 2726 expelli
925 2656 1009 2710 iacere
1027 2657 1121 2710 bestias
1136 2673 1230 2710 omnes
1243 2657 1353 2726 desuper
1365 2657 1466 2710 dictum

303 2743 463 2798 territorium
482 2755 508 2796 et
525 2756 598 2798 curte
617 2745 739 2798 comunis
758 2744 871 2814 bugelle.

341 2883 485 2952 287.1tem
512 2895 639 2938 stutunrm
666 2896 705 2938 est
731 2885 803 2954 quod
830 2883 940 2955 quilibet
958 2885 1040 2954 possit
1065 2900 1197 2938 accussure
1215 2899 1309 2938 omnes
1328 2883 1423 2938 bestius
1440 2895 1466 2938 et

305 2971 398 3025 omnia
416 2971 531 3042 dampna
549 2971 573 3024 ei
592 2971 635 3025 uel
653 2972 691 3024 eis
710 2969 783 3025 snctn
802 2983 829 3024 et
847 2973 952 3025 soluunt
970 2972 1088 3026 bannum
1107 2973 1173 3025 sicut
1191 2983 1318 3026 stitutum
1336 2983 1383 3027 est

341 3127 400 3182 288.
418 3127 486 3182 Item
504 3139 631 3182 statumm
649 3142 688 3182 est
706 3129 778 3199 quod
796 3129 885 3182 nullus
912 3141 1019 3182 teneant
1037 3145 1142 3200 cuprum
1161 3129 1203 3182 uel
1231 3145 1319 3198 capras
1337 3131 1366 3184 in
1386 3129 1465 3183 terri-

305 3213 374 3268 torio
392 3216 505 3286 bugelle.
524 3217 575 3270 nisi
593 3233 608 3270 a
626 3229 715 3270 sancte
734 3218 816 3270 muna
835 3217 961 3287 superius
979 3229 1007 3271 et
1025 3217 1071 3287 qui
1089 3217 1269 3270 contrafecerit
1294 3217 1380 3271 solunt
1398 3218 1466 3270 bun-

306 3319 371 3356 num
390 3303 437 3356 sol.
456 3304 582 3374 quinque.
601 3320 648 3374 pro
667 3305 782 3375 quelibet
800 3305 857 3357 vice
875 3321 955 3374 quam
974 3303 1052 3358 fuerit
1065 3316 1210 3358 accussntus
1221 3305 1264 3358 uel
1275 3305 1414 3374 requisitus
1424 3303 1468 3372 (3)

306 3405 353 3458 pro
371 3390 487 3460 qualibet
505 3407 588 3461 cupra.
607 3392 666 3461 alijs
678 3393 780 3444 statutis
793 3391 826 3444 de
839 3393 927 3460 bestijs
940 3393 1104 3460 piscantibus
1117 3407 1162 3444 seu
1177 3391 1322 3460 dampnum
1336 3391 1468 3444 dnmtibus

306 3475 334 3530 in
353 3475 481 3546 lordlieijs
499 3493 544 3530 seu
563 3478 630 3531 circa
649 3477 782 3530 fortilicias
801 3477 872 3546 plani
890 3489 917 3530 et
935 3477 1020 3548 plucij.
1033 3489 1059 3531 et
1070 3479 1137 3530 cirea
1151 3477 1282 3530 clausuras
1294 3478 1322 3530 in
1337 3493 1387 3530 suo
1399 3487 1467 3529 stutu

307 3565 520 3634 permanentibus
538 3565 589 3634 (3).
607 3565 640 3618 Et
658 3565 780 3618 consules
798 3581 853 3618 non
866 3565 967 3634 possint
978 3565 1040 3618 dure
1053 3565 1198 3618 licenciam.
1213 3565 1263 3616 nisi
1276 3576 1361 3618 essent
1373 3577 1468 3616 omnes

307 3663 420 3720 quatuor
446 3652 525 3704 simul
553 3653 598 3722 qui
626 3653 718 3706 durent
746 3651 883 3704 licenciam
912 3651 990 3704 elicui
1017 3651 1125 3705 tenendi
1153 3667 1233 3704 vnum
1261 3651 1344 3704 solum
1363 3665 1467 3720 oeprnm

307 3749 412 3808 propter
429 3739 610 3792 necessitatem
629 3739 739 3792 alicuius
757 3739 830 3809 pueri
849 3737 922 3808 parui
941 3739 984 3806 (r)
997 3749 1023 3790 et
1035 3737 1134 3790 infirmi
1147 3739 1189 3806 (1)
1202 3738 1230 3790 in
1243 3737 1326 3789 domo
1338 3753 1384 3790 sua
1396 3749 1468 3789 extre

308 3825 399 3878 omnia
417 3825 531 3896 dnmpm
550 3825 672 3879 comunis
690 3837 716 3879 et
735 3826 877 3878 hominum
897 3824 1009 3894 bugelle.
1028 3837 1055 3877 et
1074 3823 1123 3876 uisi
1143 3835 1209 3876 esset
1228 3823 1322 3892 aliquis
1352 3823 1469 3876 becarius

308 3911 353 3980 qui
371 3923 473 3966 teneres
490 3912 590 3982 uliquis
608 3929 697 3982 copres
715 3913 747 3966 td
766 3913 941 3966 occidendum
959 3911 1047 3965 statim
1066 3923 1092 3964 et
1110 3927 1174 3980 quas
1193 3927 1248 3964 non
1261 3911 1361 3979 possint
1379 3919 1470 3962 tenere

307 4013 356 4052 nec
373 3998 469 4053 ducere
486 3999 517 4054 ln
535 4000 666 4070 aliquibus
684 4001 761 4054 cessis
780 3999 822 4053 uel
841 3999 979 4054 claussuris
998 4015 1046 4052 nee
1064 3999 1092 4050 in
1111 3997 1242 4067 aliquibus
1256 3997 1370 4066 partibus
1389 3996 1466 4050 cultis

337 4209 367 4260 lu
381 4211 409 4260 υ)
425 4219 444 4250 ³¹
460 4209 489 4260 lt)
505 4211 534 4259 lii
544 4211 673 4262 injectiones
688 4211 819 4264 porterum.

335 4273 368 4334 (a)
381 4279 448 4322 Lucus
462 4293 546 4322 mnus.
