3926 5542
1414 542 1463 596 ¹59

335 675 375 726 55.
395 658 519 712 Comune
537 657 569 710 ad
588 656 759 710 concordiam
777 666 886 710 reuocat
906 655 1093 710 discordantes.

336 745 374 816 56.
394 745 428 800 In
447 745 584 798 natiuitate
602 744 706 797 domini
733 743 834 797 vadunt
860 759 954 796 omnes
973 759 1036 796 cum
1063 741 1144 796 cereis
1162 743 1196 796 ad
1223 741 1361 798 ecelesiam
1380 743 1463 798 sancti

296 835 426 904 stephani,
445 833 472 886 in
492 833 614 903 uesperis.

333 922 366 976 In
385 920 493 975 ecclesia
511 931 600 972 sancte
619 917 700 972 Marie
719 919 782 989 poni
801 917 920 972 iecerunt
938 917 1052 971 zuchum
1071 917 1103 970 ad
1122 916 1333 988 recolligendum
1364 935 1462 990 peccu-

298 1009 371 1063 niam
389 1009 422 1062 ad
441 1024 519 1077 opera
538 1006 648 1076 pietatis.

336 1111 376 1165 57.
395 1095 560 1149 Fidelitatem
578 1095 606 1146 in
625 1094 742 1146 aduentu
769 1091 884 1163 episcopi
913 1093 999 1162 primo
1029 1103 1144 1162 prestant
1172 1107 1202 1144 ac
1234 1093 1418 1148 inuestituram
1437 1107 1464 1148 et

299 1183 529 1238 confrmrationem
548 1181 677 1252 recipiunt
696 1179 767 1234 leudi
786 1193 812 1234 et
831 1181 950 1234 consueti
968 1180 1037 1234 dicte
1055 1193 1130 1234 terre.

337 1273 376 1340 58.
395 1271 438 1340 (1)
456 1271 518 1322 Non
537 1269 719 1322 demoliuntur
736 1269 833 1322 domus
851 1280 943 1338 popter
960 1267 1121 1323 maleficium
1139 1269 1259 1324 alicuius.

337 1375 376 1428 59.
396 1357 488 1410 Cridas
506 1355 562 1410 fieri
581 1355 688 1409 iaciunt.

333 1445 376 1500 60.
396 1445 437 1498 De
455 1445 616 1498 mercatione
634 1442 700 1508 uini,
718 1442 804 1507 blaue,
822 1442 891 1508 salis,
910 1443 991 1514 pantu
1009 1455 1036 1497 et
1053 1443 1112 1515 alijs
1141 1444 1297 1514 necessariis
1324 1443 1465 1514 prouident

299 1545 326 1587 et
343 1533 495 1602 disponunt

334 1619 377 1674 61.
396 1619 544 1674 Semicium
563 1617 663 1672 iaciunt
681 1617 793 1672 domino
812 1618 846 1672 ad
864 1617 959 1672 natale.

335 1706 377 1761 62.
397 1707 506 1760 Mittunt
523 1705 632 1759 clientes
650 1705 678 1759 in
697 1705 845 1759 subsidium
863 1706 1019 1758 amicorum.

335 1793 378 1864 63.
388 1793 488 1848 Curam
497 1793 639 1846 habentne
650 1793 677 1846 in
687 1793 792 1862 bugella
804 1792 907 1846 robatie
915 1804 1081 1864 receptentur
1088 1793 1131 1848 uel
1141 1793 1269 1848 notabiles
1277 1793 1465 1848 malefactores.

335 1881 378 1947 64.
397 1883 464 1935 Item
483 1881 550 1934 circa
568 1879 703 1934 tomticias
720 1882 790 1934 dicte
808 1893 883 1935 terre.

335 1968 378 2038 65.
398 1971 439 2023 De
458 1969 568 2033 delictis,
586 1969 738 2034 denuncias,
757 1969 800 2024 uel
819 1985 935 2034 accusas,
955 1981 985 2022 ut
1003 1968 1054 2022 alia
1072 1969 1139 2034 loca,
1158 1969 1243 2024 lacere
1260 1985 1316 2024 non
1335 1981 1466 2024 tenentur.

338 2058 404 2111 Item
423 2073 473 2110 nec
492 2057 675 2129 delinquemus
693 2057 736 2110 uel
754 2057 820 2112 alios
838 2058 1010 2129 personaliter
1040 2074 1141 2128 capere,
1160 2058 1205 2111 scd
1224 2058 1295 2112 curia
1313 2058 1365 2112 hoc
1383 2057 1467 2112 iacere

301 2143 446 2200 consueuit
481 2159 487 2172 ·

336 2233 378 2288 66.
398 2234 489 2287 banna
507 2233 698 2304 receptandum
716 2233 867 2303 bampnitos
885 2232 928 2286 uel
957 2232 1141 2304 delinquentes
1170 2245 1233 2287 sunt
1261 2233 1400 2299 nomunis;
1418 2251 1466 2288 nec

301 2335 391 2376 contra
409 2338 456 2376 eos
473 2322 543 2375 dicta
561 2321 700 2374 occasione
718 2321 790 2374 curia
808 2321 948 2390 procedere
966 2321 1114 2374 consueuit.

335 2410 377 2480 67.
397 2411 527 2464 Inuocant
544 2409 691 2462 subsidium
710 2409 867 2472 amicorum,
887 2421 914 2462 et
943 2409 1073 2480 recipiunt
1101 2409 1213 2481 equites,
1241 2419 1268 2462 et
1286 2409 1387 2480 pedites
1405 2426 1467 2464 cum

301 2499 338 2552 eis
357 2499 446 2552 uisum
464 2496 542 2551 luerit
560 2497 690 2566 expedire.

336 2586 378 2640 68.
398 2587 436 2638 Ex
456 2597 528 2655 parte
545 2584 617 2638 curie
636 2595 768 2655 coguntur
786 2584 910 2638 homines
929 2584 1037 2640 ecclesie
1058 2585 1151 2640 uenire
1180 2586 1213 2640 ad
1232 2587 1380 2640 custodiam
1398 2586 1467 2642 dicte

302 2683 368 2726 tene
386 2689 448 2726 cunr
467 2689 534 2743 opus
552 2685 591 2725 est
609 2673 641 2726 ad
661 2673 814 2726 instantiam
832 2673 988 2726 eomndem.

337 2759 379 2830 69.
399 2761 552 2830 Supplipant
561 2777 627 2830 pape
636 2761 685 2813 sibi
696 2761 751 2814 dari
761 2777 841 2831 quem
851 2762 961 2814 credunt
981 2761 1074 2815 utilem
1083 2763 1111 2816 in
1125 2763 1278 2834 episcopum
1291 2775 1317 2816 et
1326 2775 1466 2834 pastorem.

339 2861 381 2914 70.
401 2849 547 2900 Assumunt
564 2849 613 2900 sibi
632 2857 764 2901 torensem
774 2859 894 2918 tempore
904 2849 1050 2904 necessitati
1061 2851 1093 2904 ad
1104 2851 1319 2905 coadiuuandum
1338 2851 1467 2920 regimen,

305 2947 330 2986 et
348 2934 576 2988 conseruationem
595 2953 625 2989 ac
644 2935 826 2990 defensionem
845 2937 914 2990 dicte
933 2948 1008 2990 terre.

339 3037 381 3091 71.
402 3023 510 3076 Faciunt
529 3023 621 3078 cn'dari
640 3025 772 3077 nundinas
790 3026 823 3077 ad
851 3025 1004 3078 instantiam
1032 3025 1145 3079 ciuitatis
1175 3039 1251 3080 etex
1279 3042 1356 3080 causa
1384 3025 1463 3078 etiam

307 3109 447 3179 prohiberi.

338 3211 381 3267 72·
400 3197 473 3250 Dant
491 3195 601 3252 bulletas
619 3214 666 3268 pro
685 3197 832 3252 forensibus
850 3199 1010 3270 recipiendis
1028 3213 1053 3253 et
1072 3199 1144 3254 alias.

332 4327 361 4376 (r)
377 4325 437 4374 Quae
452 4326 603 4380 subsequuntur
618 4329 718 4382 posterius
733 4329 807 4383 scripta
821 4329 922 4370 videntur.
