3978 5546
480 647 529 701 DE
547 645 682 702 PLACIO
701 644 749 700 ET
767 642 1000 700 ORNAMENTX
1017 643 1107 700 EIUS.
1127 673 1159 686 -
1179 643 1210 700 it
1229 645 1274 700 XI.

326 838 382 892 182.
402 837 536 893 Stntutum
554 849 580 892 et
598 837 750 893 ordinatum
768 849 807 892 eet
824 837 897 908 quod
915 835 988 891 nulle
1007 852 1118 906 persona
1135 837 1229 892 debent
1246 853 1335 891 emere
1352 835 1451 908 aliquid

286 927 314 980 in
333 926 376 980 die
395 926 463 980 iouis
482 939 566 996 preter
584 927 719 998 lignamen
747 939 818 980 extra
846 937 933 996 portas
963 925 1048 996 pltcij.
1068 925 1212 980 ocoexione
1239 925 1399 980 reuendendi
1422 927 1450 980 in

286 1015 380 1068 adem
398 1015 492 1086 specie.
511 1013 538 1068 in
557 1031 609 1086 qun
636 1015 756 1070 emerint
785 1015 818 1069 Et
844 1015 891 1086 qui
909 1013 1091 1068 contrnlecerit
1118 1013 1205 1068 solunt
1223 1029 1270 1086 pro
1288 1013 1407 1086 quolibet
1425 1027 1451 1068 et

286 1101 402 1176 qualibet
421 1103 479 1156 uice
496 1101 545 1156 sol.
564 1102 597 1156 V.
616 1119 658 1174 pp.
677 1103 711 1157 Et
728 1102 850 1156 consulet
868 1113 1008 1156 teneantur
1025 1101 1165 1173 inquirere.

322 1243 379 1312 183.
398 1243 466 1298 Item
484 1253 611 1298 statutum
629 1243 758 1316 estquod
777 1253 923 1298 mercatum
942 1239 1021 1296 bladi.
1052 1240 1260 1312 leptiminorum.
1278 1253 1305 1295 et
1323 1241 1384 1295 salis
1402 1241 1447 1296 fiet

282 1329 350 1384 iuste
368 1331 481 1385 domum
498 1332 629 1386 comunis.
648 1344 674 1386 et
692 1332 719 1386 in
739 1331 899 1402 portucubus
917 1341 943 1384 et
961 1330 1073 1402 platheis
1091 1329 1187 1384 doinus
1214 1328 1295 1400 ipsius
1313 1330 1443 1384 comunis.

282 1419 315 1474 Et
332 1419 378 1490 qui
396 1417 577 1473 conualecerit
594 1419 681 1474 soluat
699 1421 817 1473 bannum
835 1431 940 1490 emptor
957 1429 983 1472 et
1002 1417 1125 1471 uenditor
1143 1433 1191 1486 pro
1209 1416 1326 1488 quolibet
1339 1429 1366 1470 et
1383 1433 1445 1488 qun-

281 1507 345 1562 libet
363 1507 421 1561 uice
447 1506 495 1560 sol.
514 1507 547 1560 V.
570 1524 613 1579 pp.
631 1507 748 1578 Excepto
774 1507 846 1579 quod
873 1507 984 1578 quilibet
1003 1507 1085 1577 possit
1102 1521 1191 1560 emere
1210 1505 1254 1558 ubi
1274 1503 1388 1558 uoluerit
1405 1522 1442 1558 se

283 1595 401 1651 cundum
419 1595 491 1666 quod
510 1609 668 1651 consuetum
686 1607 725 1650 eet
743 1611 791 1668 pro
809 1609 859 1649 suo
878 1595 986 1666 proprio
1005 1611 1062 1648 usin

321 1735 378 1802 184.
397 1737 464 1790 item
482 1749 609 1790 statutum
628 1737 757 1808 estquod
776 1735 870 1808 aliquis
888 1736 973 1790 homo
991 1751 1046 1790 non
1066 1737 1166 1790 debent
1186 1751 1234 1789 nec
1252 1734 1300 1788 sibi
1314 1733 1390 1788 licent
1410 1733 1444 1788 l·

281 1841 342 1878 cere
360 1823 402 1878 uel
421 1835 511 1878 tenere
528 1824 645 1896 eliquam
664 1837 829 1894 coperturnrn
848 1823 900 1878 nisi
918 1823 951 1877 de
969 1824 1043 1894 cupis
1055 1823 1123 1878 intra
1136 1823 1230 1877 fossata
1243 1822 1318 1892 placij
1331 1821 1444 1892 bugelle.

281 1909 323 1966 uel
342 1911 392 1964 nisi
411 1911 444 1964 de
462 1912 589 1966 uicibus.
608 1914 657 1967 sub
674 1913 770 1984 quibus
788 1911 908 1966 uidibus
926 1927 981 1966 non
1000 1910 1045 1965 fiat
1064 1912 1141 1982 ignis.
1160 1911 1193 1966 Bt
1206 1910 1251 1982 qui
1265 1909 1445 1964 contrafecerit

279 1997 365 2053 solunt
384 1999 501 2054 bannum
519 1999 568 2054 sol.
587 2000 697 2070 Xpr.
707 2001 741 2054 Et
753 1999 874 2054 consulet
892 2010 1031 2053 tenetntur
1049 2000 1088 2053 bis
1106 1999 1134 2053 in
1147 2015 1219 2052 anno
1237 2015 1346 2070 querere
1357 2011 1444 2052 toturn

279 2087 402 2156 burgum.
421 2099 447 2140 et
465 2087 487 2140 si
506 2087 670 2141 inueniretur
687 2087 775 2158 alique
793 2085 895 2141 edificia
914 2099 1018 2158 coperia
1036 2087 1088 2142 elit
1107 2105 1134 2141 re
1152 2103 1232 2158 quem
1251 2087 1285 2140 de
1308 2086 1381 2158 cupis
1401 2086 1443 2140 uel

280 2175 313 2228 de
331 2175 451 2228 axidibus
470 2173 565 2229 saciant
583 2175 628 2229 illa
646 2175 775 2230 comburi.

317 2317 374 2384 185.
394 2316 461 2370 Item
478 2327 606 2370 muttum
624 2317 752 2386 estquod
772 2317 861 2370 nullus
879 2317 972 2371 debent
990 2333 1089 2386 ponere
1108 2317 1207 2370 lenum.
1227 2315 1321 2388 pelas.
1341 2315 1441 2370 lrnsees.

278 2421 363 2474 neque
382 2403 466 2458 iecere
484 2415 611 2458 mineum
630 2403 779 2458 necarunt
798 2421 877 2475 super
903 2417 1017 2476 straynm
1045 2421 1094 2458 nec
1122 2421 1199 2476 super
1225 2405 1351 2458 solarium
1370 2405 1441 2474 quod

276 2493 310 2545 sit
327 2507 405 2562 super
422 2492 495 2544 uiam
513 2491 588 2562 placij
617 2492 727 2560 (1)nec
755 2491 826 2563 plani
845 2492 888 2560 (1)
907 2493 957 2546 nisi
976 2491 1102 2546 solarium
1126 2505 1193 2546 esset
1212 2493 1387 2546 butumntunt.
1407 2493 1440 2546 Et

276 2579 321 2651 qni
339 2577 520 2632 contrafecerit
537 2577 624 2632 soluat
642 2581 760 2633 bannum
779 2579 827 2632 sol.
846 2579 903 2634 XX
923 2595 965 2650 pp.
984 2593 1010 2634 et
1029 2593 1118 2650 postet
1137 2579 1245 2634 aulierat
1264 2579 1387 2651 predicta.

314 2717 370 2776 186.
389 2719 456 2774 Item
475 2731 601 2772 statutum
620 2719 748 2792 estquod
768 2719 862 2790 aliquis
881 2737 936 2774 non
955 2720 1040 2774 trahat
1058 2720 1156 2790 lapides
1174 2737 1223 2774 nec
1250 2719 1349 2792 aliquid
1368 2719 1439 2775 aliud

274 2823 350 2876 super
369 2807 556 2860 mercanditm.
576 2807 728 2860 betcariant.
747 2824 796 2860 nce
814 2807 979 2878 calc-gatiam.
1008 2824 1057 2862 nec
1084 2824 1162 2878 super
1179 2807 1296 2880 aliquam
1326 2809 1438 2862 domum

274 2893 386 2964 bugelle.
406 2893 438 2948 Et
456 2893 501 2966 qui
520 2893 701 2948 contrafecerit
718 2894 804 2948 soluat
824 2896 941 2948 bannum
960 2895 1000 2950 sol
1019 2895 1051 2950 V.
1071 2913 1113 2966 pp.
1143 2897 1176 2950 de
1195 2897 1245 2951 die.
1265 2907 1291 2950 et
1309 2897 1342 2950 de
1360 2909 1438 2951 nocte

274 2981 321 3034 sol.
341 2981 398 3036 XX.
418 2997 459 3052 pp.
478 2993 504 3034 et
523 2995 611 3052 postet
629 2983 753 3036 emendet
771 2983 925 3052 dampnum.

311 3123 367 3190 187.
387 3123 452 3176 Item
472 3134 597 3176 statutum
611 3123 733 3194 estquod
747 3125 791 3195 qui
806 3123 894 3178 lecerit
907 3123 1014 3196 aliquod
1034 3139 1195 3180 montorium
1214 3127 1292 3180 lerini
1307 3127 1334 3180 in
1351 3126 1435 3196 pincio

271 3227 286 3264 a
305 3209 387 3264 domo
402 3209 492 3280 Jacobi
511 3211 616 3264 sartoris
635 3211 700 3264 inira
720 3223 823 3266 tantum
842 3225 971 3284 quantum
990 3215 1065 3266 durat
1095 3215 1209 3268 becceria
1237 3213 1330 3268 debent
1348 3215 1434 3284 ipsunt

269 3309 413 3366 asportasse
432 3297 498 3352 inira
517 3297 593 3352 Vlll⁰
612 3299 667 3353 dies
686 3313 825 3372 postquam
857 3300 945 3354 lecerit
974 3301 1060 3370 ipsum
1092 3315 1254 3356 montorium
1274 3303 1318 3355 ibi.
1338 3303 1370 3355 Et
1388 3303 1433 3372 qui

270 3385 451 3439 contrafecerit
468 3385 554 3440 soluat
573 3387 691 3441 bannum
709 3387 757 3441 sol.
777 3388 809 3442 V.
829 3407 870 3460 pp.
890 3389 945 3454 Qui
964 3403 1054 3444 nutent
1074 3391 1161 3446 lecerit
1180 3405 1340 3446 montorium
1354 3390 1433 3444 leami

269 3473 297 3528 in
310 3473 400 3546 aliquo
418 3471 472 3528 alio
485 3473 545 3528 loco
558 3473 643 3546 placij.
657 3475 750 3530 debent
768 3477 855 3548 ipsum
873 3492 1018 3548 asportnssc
1036 3478 1110 3532 inira.
1124 3479 1182 3533 XV.
1195 3479 1250 3532 dies
1268 3479 1352 3548 etqui
1371 3495 1433 3532 con·

268 3561 396 3616 infecerit
415 3561 502 3616 soluat
521 3563 639 3618 bannum
659 3563 706 3617 sol.
726 3563 757 3618 lL
777 3581 819 3634 pp.
839 3577 865 3618 et
883 3567 1005 3620 consulet
1032 3583 1126 3620 omnes
1145 3565 1224 3620 simul
1252 3567 1352 3636 possint
1370 3567 1432 3620 dare

268 3648 407 3704 licenciam
426 3665 473 3720 pro
491 3651 651 3704 necessitate.
672 3651 709 3705 lta
728 3663 817 3706 tamen
836 3653 908 3724 quod
928 3671 983 3708 non
1002 3653 1047 3708 fiat
1059 3653 1166 3725 aliquod
1181 3654 1430 3708 montonumleami

267 3737 309 3804 (2)
328 3753 343 3790 a
362 3736 474 3792 macello
493 3739 626 3808 usquead
645 3739 756 3793 domurn
772 3739 862 3810 Jacobi
882 3743 924 3808 (ι)
943 3743 992 3796 sub
1010 3743 1099 3796 banno
1118 3741 1166 3796 sol.
1185 3741 1217 3796 V.
1237 3759 1280 3812 pp.
1301 3759 1350 3794 nec
1368 3741 1431 3796 inde

267 3825 348 3894 possit
357 3823 446 3878 haberi
460 3824 568 3878 licencia
582 3827 631 3880 nisi
644 3827 729 3880 standi
743 3845 788 3898 per
797 3841 859 3884 octo
868 3829 924 3882 dies
934 3830 1079 3884 videlicetn
1091 3829 1174 3884 domo
1184 3830 1328 3900 Johnnnini
1340 3829 1430 3884 Vct-lle

265 3925 291 3966 et
309 3911 387 3966 furno
404 3911 496 3966 elberti
516 3914 633 3984 borserij.
661 3917 794 3986 usquead
822 3917 934 3972 domum
959 3917 1049 3988 Jecobi
1075 3917 1151 3987 Judei
1169 3919 1203 3972 ab
1221 3931 1330 3990 utraque
1349 3931 1428 3990 pene.

266 3999 299 4054 Et
316 3997 437 4054 consule
455 4011 594 4056 teneantur
612 4003 743 4075 inquirere
761 4003 783 4058 si
801 4004 839 4058 eis
857 4005 935 4059 luerit
952 4005 1145 4060 denuntiatum

291 4169 323 4222 (ι)
336 4169 370 4222 (ι)
382 4171 476 4224 uinco
490 4175 599 4228 pam.

288 4241 322 4294 ‹a›
333 4243 365 4292 (ι)
380 4240 445 4282 vae·
458 4247 562 4300 mu
576 4245 691 4290 otim
