3926 5542
534 493 583 548 180

531 613 600 666 dotis
618 611 773 682 applicande
791 613 887 666 marito
906 629 962 668 non
980 614 1103 668 obstante
1121 613 1211 685 aliquo
1229 625 1316 684 pacto,
1335 613 1515 667 insnnmento
1525 613 1608 667 dotali
1626 631 1699 668 com·

531 702 662 772 prehenso
681 702 724 756 uel
744 703 877 756 subiaceat
894 703 969 772 penis
987 703 1116 774 legalibus
1133 703 1155 756 si
1174 703 1270 756 rnarito
1288 701 1375 773 magis
1393 701 1527 772 placuerit,
1539 701 1619 756 vidua
1631 721 1698 756 uero

531 791 553 844 si
571 791 732 844 consenserit
749 790 877 861 strupenti
896 791 1106 861 condampnetur
1117 791 1148 844 In
1161 791 1234 844 libris
1245 790 1391 844 ducentum
1403 789 1565 860 applicandis
1577 803 1698 862 utsupra

532 878 607 940 Quas
624 879 646 932 si
665 879 720 949 ipsa
738 895 794 932 non
807 877 917 932 soluerit
927 877 995 932 infra
1008 879 1153 932 terminum
1167 879 1195 932 in
1209 877 1451 949 condempnatione
1463 877 1513 932 sibi
1527 879 1698 932 sumendum

531 965 671 1038 fustigetur
689 984 734 1037 per
751 979 836 1021 totam
854 979 950 1020 terram
964 967 1081 1038 Bugelle
1091 967 1202 1020 Presens
1220 983 1285 1022 uero
1297 978 1425 1020 statutum
1438 983 1495 1020 non
1507 966 1631 1020 uendicet
1647 967 1698 1020 sibi

531 1055 622 1109 locum
640 1069 731 1109 contra
749 1055 866 1127 aliquam
884 1056 1069 1108 comittentem
1087 1055 1202 1125 predicta
1221 1071 1283 1108 cum
1310 1054 1399 1125 aliqua
1426 1053 1531 1124 publica
1559 1053 1698 1108 meretrice

531 1144 611 1196 etiam
629 1143 651 1196 si
670 1143 765 1196 habent
783 1145 909 1196 maritum
928 1155 953 1196 ct
972 1141 1108 1196 dillamata
1125 1159 1173 1214 pro
1192 1143 1351 1196 meretricio.

532 1336 585 1420 24.
610 1315 711 1419 Quod
733 1316 846 1406 aliquis
869 1338 937 1383 non
959 1314 1152 1406 intelligatur
1176 1317 1342 1384 nomisisse
1359 1314 1549 1384 advlterium
1564 1315 1699 1384 muliere

576 1423 686 1472 inuita
1367 1419 1372 1426 ‘

567 1510 639 1564 Item
656 1522 784 1564 statutum
803 1511 931 1581 estquod
950 1511 1044 1581 aliquis
1063 1528 1118 1564 non
1137 1511 1301 1582 intelligatur
1319 1511 1457 1564 comisisse
1476 1509 1636 1565 adulterium
1654 1509 1698 1564 uel

533 1611 653 1667 staupum
672 1597 784 1650 muliere
801 1597 894 1650 inuita.
912 1599 942 1651 Si
959 1599 1104 1651 comissum
1123 1598 1201 1652 fuerit
1220 1600 1248 1652 in
1267 1600 1351 1652 domo
1370 1599 1413 1652 uel
1434 1598 1599 1653 habitatione
1617 1599 1696 1652 adul·

533 1686 590 1754 terij
611 1685 654 1738 uel
672 1685 821 1755 strupantis.
841 1685 893 1738 Sed
911 1697 975 1738 tunc
993 1686 1156 1756 intelligatur
1174 1687 1314 1740 mulierem
1333 1687 1383 1740 sibi
1400 1687 1564 1740 consensisse
1576 1685 1628 1740 nisi
1646 1703 1700 1740 nta-

533 1772 626 1826 nifeste
645 1775 807 1827 contrarium
825 1774 985 1844 probaretur.

533 1951 553 1998 2
558 1950 587 2018 ς.
612 1932 713 2013 Quod
736 1935 762 2000 si
785 1933 856 2023 quis
879 1935 1017 2000 tenuerit
1033 1932 1171 2022 aliquant
1188 1932 1355 2002 mulierem
1373 1955 1439 2000 uon
1455 1933 1624 2000 honestam
1639 1955 1699 2022 pro

580 2021 768 2090 concubina.
1592 2053 1599 2068 ·

571 2129 639 2182 Item
657 2141 785 2183 statutum
803 2141 842 2182 est
860 2131 933 2200 quod
951 2129 1032 2199 siquis
1050 2129 1165 2182 tenuerit
1182 2129 1299 2200 aliquam
1327 2128 1468 2182 mulierem
1486 2145 1534 2204 pro
1552 2129 1702 2182 concubina

536 2217 579 2270 uel
598 2218 696 2271 maasia
715 2217 821 2287 publico
839 2229 865 2270 et
888 2217 974 2287 palam
993 2235 1045 2289 que
1063 2234 1164 2272 nomeu
1183 2216 1295 2271 honeste
1307 2218 1425 2272 mulieris
1437 2234 1494 2272 non
1507 2217 1629 2272 habuerit
1640 2229 1701 2271 ante

535 2305 781 2360 clrohabitationem
799 2319 826 2358 et
843 2306 1074 2359 conuetsationem
1092 2306 1174 2376 ipsius
1192 2307 1306 2360 tenentis
1324 2323 1381 2360 non
1394 2307 1476 2376 possit
1490 2307 1632 2376 peripsam
1645 2322 1702 2359 mu-
1775 2367 1780 2374 ,

537 2394 628 2446 lierem
648 2392 691 2444 uel
710 2393 826 2462 aliquem
845 2393 928 2446 alium
946 2394 979 2446 de
997 2394 1042 2446 illa
1061 2394 1189 2448 ululantia
1207 2395 1256 2464 ipsi
1275 2395 1380 2448 mulieri
1399 2394 1472 2448 illata
1489 2411 1549 2448 eam
1564 2394 1702 2448 carnaliter

536 2482 723 2552 cognoscendo
742 2482 856 2534 accusari
875 2497 924 2534 nec
941 2483 1081 2535 occasione
1099 2482 1214 2552 predicta
1232 2483 1329 2553 puniri.
1377 2505 1379 2510 ·

536 2659 589 2724 26.
614 2657 663 2722 De
686 2677 769 2744 pena
790 2673 898 2742 raptus
921 2655 1082 2746 uir'ginum
1106 2675 1138 2724 et
1160 2657 1459 2725 sanctimonialium.

572 2764 712 2826 Quoniam
730 2775 845 2832 raptores
863 2764 1106 2816 sanctimonialium
1125 2777 1151 2816 et
1170 2765 1306 2834 uirginum
1325 2781 1379 2816 non
1399 2764 1488 2816 solum
1506 2763 1572 2817 illud
1586 2764 1703 2834 nephan-

537 2852 601 2904 dum
620 2851 720 2904 crimen
738 2851 864 2904 iniuriam
881 2852 1034 2916 hominum,
1052 2853 1104 2905 Sed
1123 2853 1203 2905 etiam
1232 2853 1424 2922 omnipotentis
1455 2853 1497 2905 dei
1516 2853 1659 2906 comittunt
1676 2863 1703 2904 et

538 2940 654 2992 maxime
671 2940 733 3009 quia
751 2940 854 2992 castitas
872 2951 898 2992 et
917 2941 1054 3008 uirginitas
1073 2953 1193 3009 corrupta
1212 2941 1311 2992 restitui
1331 2957 1386 2994 non
1406 2952 1500 3010 potest,
1513 2941 1702 3011 propterquod

537 3027 617 3080 huius
637 3029 711 3080 modi
724 3041 839 3097 raptores
852 3045 867 3080 a
879 3028 990 3080 crimine
1003 3029 1140 3097 homicidii
1156 3045 1211 3080 non
1224 3041 1286 3080 sunt
1300 3029 1385 3080 uacui.
1400 3029 1466 3081 Ideo
1479 3046 1513 3081 ne
1531 3029 1590 3081 tulis
1602 3039 1700 3081 crescat

538 3115 641 3168 insania
659 3129 787 3169 statutum
800 3128 826 3169 et
838 3116 990 3169 ordinatum
1009 3117 1132 3186 estquod
1151 3117 1172 3168 si
1191 3117 1250 3185 quis
1263 3116 1397 3169 comiserit
1408 3129 1529 3187 strupunt
1541 3133 1602 3170 cum
1615 3117 1703 3188 aliqua

537 3204 733 3257 sanctimoniali
752 3205 807 3274 ipsa
826 3204 933 3258 uolante
952 3204 995 3257 uel
1021 3205 1130 3258 nolaute
1157 3217 1203 3257 aut
1231 3206 1383 3275 processerit
1410 3206 1442 3257 ad
1471 3217 1558 3258 actum
1586 3204 1704 3259 libidinis

538 3309 700 3362 quamquam
719 3310 775 3344 non
794 3293 945 3363 produxerit
963 3294 996 3345 ad
1015 3293 1147 3356 effectum,
1167 3293 1218 3346 Sed
1231 3305 1257 3345 et
1270 3310 1315 3362 per
1328 3309 1391 3346 eutn
1404 3309 1460 3346 non
1472 3292 1627 3347 remanserit
1638 3291 1704 3365 quin

537 3380 624 3450 ipsum
644 3381 848 3434 consumauerit
868 3381 924 3433 Sibi
944 3393 1021 3450 caput
1039 3393 1192 3450 amputetur
1210 3380 1298 3433 taliter
1315 3382 1387 3452 quod
1406 3398 1422 3434 a
1440 3381 1548 3451 spatulis
1572 3393 1705 3450 separetur

538 3481 564 3521 et
582 3470 687 3538 penitus
706 3470 841 3522 moriatur.
855 3469 956 3522 Eadem
970 3486 1037 3539 pena
1050 3470 1175 3538 puniatur
1187 3470 1354 3522 comittentes
1365 3469 1407 3539 (r)
1417 3471 1547 3523 incestum
1560 3487 1591 3523 ac
1601 3470 1704 3540 rapiens

538 3556 672 3626 uirginem
692 3557 823 3610 uiolanter
840 3556 920 3610 etiam
939 3557 962 3610 si
980 3556 1106 3609 affectum
1124 3573 1179 3609 non
1199 3557 1350 3626 produxerit
1368 3559 1400 3610 ad
1420 3557 1544 3611 effemum
1556 3558 1705 3612 dummodo

538 3645 571 3698 ad
590 3659 679 3698 actum
698 3645 815 3698 libidinis
833 3646 987 3714 processerit
1005 3657 1034 3698 ut
1052 3662 1130 3715 supra
1148 3645 1181 3698 Et
1201 3645 1268 3698 ultra
1288 3646 1452 3700 adiudicetur
1470 3647 1502 3699 de
1530 3648 1607 3700 bouis
1625 3647 1707 3717 ipsius

539 3734 627 3786 dando
646 3733 715 3785 dicte
734 3733 831 3803 uirgini
851 3745 922 3802 rapte
941 3733 1019 3786 libras
1037 3735 1182 3788 ducentum
1200 3734 1229 3787 Si
1248 3751 1313 3788 uero
1332 3735 1476 3788 comissum
1495 3735 1574 3788 luerit
1585 3747 1704 3804 strupum

538 3822 566 3874 in
586 3821 691 3891 uirgine
709 3838 765 3874 non
783 3821 978 3874 sanctimoniali
997 3821 1052 3891 ipse
1071 3822 1179 3875 uolente
1197 3824 1407 3893 condampnetur
1425 3824 1568 3877 comittens
1586 3823 1704 3877 inlibris

539 3923 653 3979 quatuor
672 3911 789 3962 Centum
808 3910 973 3979 papiensium
992 3911 1152 3980 applicandis
1171 3912 1279 3964 comuni
1299 3910 1366 3964 inira
1379 3913 1524 3964 terminum
1536 3913 1706 3964 statuendum

541 3999 568 4050 in
588 3998 837 4067 coudampnatione.
857 3997 931 4060 Quas
949 4000 971 4051 si
990 4015 1045 4050 non
1064 3998 1172 4051 soluerit
1190 3999 1257 4050 infra
1276 3999 1376 4052 dictum
1389 4000 1535 4053 terminum
1549 4011 1663 4070 ponatur
1673 4001 1707 4053 ad

542 4086 671 4138 berlinam
689 4098 715 4138 et
735 4086 769 4137 ibi
789 4097 908 4138 teneatur
926 4093 1072 4156 perunum
1092 4086 1162 4138 diem
1182 4099 1208 4138 et
1226 4099 1317 4155 postea
1336 4104 1414 4139 nasus
1444 4101 1595 4158 amputetur
1623 4087 1709 4140 naliter

543 4173 616 4243 quod
636 4189 651 4223 a
671 4171 735 4225 lucie
753 4186 893 4241 separetur.

571 4329 598 4381 (ι)
615 4328 697 4368 Rectius
711 4329 819 4368 comoros.-
834 4330 854 4368 in
869 4328 910 4368 alio
925 4329 1025 4382 exemplo.
