3978 5546
551 565 568 618 l

551 687 675 748 quartum
693 677 808 748 quartini
826 677 895 732 salis.
914 678 1021 734 ceberos
1039 689 1256 733 menssuratores.
1274 677 1365 732 Rasos.
1385 688 1500 730 stateras
1519 691 1602 747 cupos
1620 674 1722 730 molen·

551 765 715 820 dinariorum
734 777 761 820 et
778 783 873 820 omnes
891 765 955 820 alias
973 782 1123 822 menmuras
1150 767 1261 820 aliarum
1289 781 1378 820 tetum
1396 781 1449 836 que
1466 777 1593 820 consuete
1610 777 1672 819 sunt
1689 763 1723 818 si·

551 855 635 925 gnari.
654 855 688 908 Et
705 853 764 908 illas
781 854 878 910 faciam
896 845 1021 912 rationaii
1049 868 1077 909 et
1103 855 1227 926 coequari
1245 853 1436 908 rationabiliter
1444 855 1523 925 signo
1536 853 1681 923 comunis(
1698 854 1720 922 ).

550 943 681 996 Perticam
698 943 733 996 ud
751 943 974 1000 manssurandum
992 956 1073 998 terras
1091 955 1118 998 et
1135 943 1208 1014 quod
1227 955 1407 998 menssurator
1424 955 1493 996 terre
1505 955 1626 996 teneantr
1644 942 1721 996 omni

550 1047 623 1086 anuo
640 1032 669 1084 in
688 1032 794 1103 sequela
809 1033 900 1102 Jurare
918 1033 991 1102 quod
1010 1033 1154 1103 unicuique
1172 1031 1215 1086 cui
1228 1032 1404 1086 mensurabit
1413 1031 1486 1085 dubit
1495 1047 1571 1086 suam
1582 1031 1721 1085 rationem.

589 1189 628 1228 12.
650 1173 728 1242 [XII]
748 1173 816 1227 Item
834 1185 964 1228 stamnum
982 1185 1021 1227 est
1031 1175 1102 1244 quod
1113 1173 1235 1228 consules
1245 1185 1384 1228 teneantur
1394 1171 1553 1244 compellere
1562 1189 1657 1226 omnes
1668 1190 1723 1243 pre

550 1275 660 1317 statores
669 1263 712 1332 (2)
719 1263 766 1334 qui
775 1263 928 1334 prestantia
939 1263 1045 1334 bugella
1054 1275 1081 1316 et
1090 1263 1147 1316 eius
1157 1263 1267 1332 poderio
1277 1273 1306 1316 ut
1315 1263 1428 1316 debeant
1438 1273 1560 1316 mutuare
1569 1261 1723 1316 consulibus

476 1403 485 1418 ,
550 1351 662 1405 nomine
680 1351 803 1406 comunis
820 1352 1064 1422 quocienscumque
1083 1350 1179 1406 luerint
1199 1351 1326 1421 requisiti.
1345 1351 1453 1422 quodsi
1467 1350 1551 1404 iacere
1564 1362 1722 1404 recusarent.

550 1453 690 1494 teneanntr
707 1451 829 1494 excutere
846 1441 939 1494 omnia
957 1441 1044 1494 banna
1063 1440 1100 1493 eis
1119 1440 1233 1510 inposita
1252 1439 1367 1509 predicta
1379 1440 1412 1493 de
1424 1456 1510 1494 causa.
1522 1440 1618 1510 quibus
1629 1437 1723 1492 solutis

551 1528 744 1583 nichilominus
770 1539 884 1597 prestare
911 1539 1058 1582 teneantur.
1077 1528 1128 1582 nisi
1147 1528 1274 1582 haberent
1301 1527 1368 1582 iusta
1396 1527 1590 1582 deffensionem
1618 1527 1669 1594 (3).
1689 1527 1723 1580 Et

551 1617 673 1671 consules
692 1629 832 1670 teneantur
849 1618 911 1672 dare
929 1616 1005 1670 dictis
1024 1617 1210 1686 prestatoribus
1228 1616 1359 1670 denarios
1378 1617 1436 1670 llll.
1455 1633 1498 1686 pp.
1518 1633 1566 1687 pro
1585 1615 1658 1670 libra.

590 1775 630 1828 13.
651 1759 743 1828 [XIII]
763 1759 831 1812 Item
849 1769 978 1812 statutum
997 1760 1126 1829 estquod
1146 1757 1268 1812 consules
1286 1771 1426 1812 teneantur
1443 1770 1470 1811 et
1487 1758 1600 1812 debeant
1619 1758 1721 1814 dishon-

552 1848 609 1902 nire
627 1845 693 1900 illud
712 1863 828 1902 comune
846 1847 918 1917 quod
937 1846 1064 1917 placuerit
1090 1848 1226 1900 credencie
1254 1846 1406 1900 akalntdis
1433 1845 1555 1917 februarii
1588 1847 1722 1919 usquead

554 1937 679 1991 kalendas
699 1937 800 2008 marcij.

591 2094 630 2146 14.
651 2077 755 2146 [XIIII]
776 2077 843 2132 Item
862 2090 989 2131 statutum
1009 2091 1047 2131 est
1066 2079 1138 2148 quod
1157 2078 1278 2131 consules
1288 2077 1400 2130 debeant
1419 2077 1517 2148 eligere
1535 2078 1585 2132 llll
1598 2078 1723 2134 homines

551 2170 584 2222 de
603 2166 757 2220 melioribus
776 2181 802 2220 et
820 2166 1023 2238 sapientioribus
1041 2167 1074 2219 de
1093 2167 1229 2219 credencia
1250 2166 1354 2236 bugelle
1374 2168 1419 2237 qui
1435 2167 1528 2237 Jurent
1546 2169 1622 2222 omni
1651 2186 1723 2222 anno

552 2257 580 2309 in
599 2257 736 2309 credencia
754 2256 788 2309 ad
806 2269 895 2309 sancta
914 2257 957 2309 dei
975 2255 1115 2325 euangelia
1128 2255 1274 2308 meliorare.
1287 2255 1414 2325 ampliare
1427 2269 1454 2308 et
1472 2257 1723 2311 destemrinaretias

553 2357 579 2398 et
597 2344 779 2414 suprapresias.
799 2345 833 2398 Et
851 2343 973 2398 consules
992 2345 1107 2396 habeant
1125 2361 1210 2398 unum
1229 2345 1391 2414 quarterium
1410 2346 1444 2398 de
1462 2357 1529 2398 terra
1554 2346 1596 2399 uel
1615 2347 1683 2400 duos
1701 2347 1722 2400 si

552 2434 716 2505 opportuerit
733 2434 766 2486 ad
785 2432 964 2502 §planandum
982 2445 1008 2484 et
1028 2431 1247 2492 disclaudendum
1266 2446 1293 2486 et
1310 2435 1452 2486 actandum
1484 2435 1631 2488 seeundum
1650 2437 1723 2507 quod

553 2522 778 2576 detenninabitur.
798 2523 832 2576 Et
849 2522 902 2575 hoc
921 2533 1061 2574 teneantur
1078 2521 1201 2576 consules
1219 2521 1303 2576 iacere
1322 2534 1348 2576 et
1367 2521 1424 2576 fieri
1443 2522 1528 2576 iacere
1541 2525 1670 2593 usquead
1683 2525 1725 2578 la·

553 2611 644 2664 lendes
663 2609 736 2664 maii.
754 2610 828 2664 Etsi
847 2611 942 2680 aliquis
960 2628 993 2664 ex
1012 2611 1141 2680 predictis.
1160 2610 1218 2664 XII.
1238 2610 1284 2663 ubi
1303 2611 1447 2681 aperiretur
1465 2611 1506 2664 vel
1518 2611 1663 2682 largaretur
1680 2613 1724 2666 lta·

554 2701 626 2752 beret
644 2697 677 2752 ad
696 2697 847 2752 laciendum
866 2699 960 2752 debeat
977 2699 1098 2752 recedere
1115 2697 1190 2752 illinc
1208 2699 1293 2752 donec
1306 2699 1511 2753 determinatum
1525 2698 1604 2753 fuerit
1615 2701 1723 2754 ibidem.

553 2799 580 2841 et
598 2804 667 2841 unus
685 2805 717 2841 ex
735 2787 888 2842 consulibus
906 2787 1000 2840 debeat
1018 2788 1056 2840 ire
1076 2805 1137 2841 cum
1156 2789 1194 2840 eis
1212 2789 1244 2840 ad
1265 2788 1378 2857 predicta
1397 2787 1523 2842 iacienda.

592 2945 632 2998 15.
654 2929 734 2996 [va
756 2929 822 2981 Item
841 2940 969 2981 statutum
989 2941 1027 2982 est
1046 2929 1117 2998 quod
1136 2929 1181 2981 ille
1200 2929 1329 2982 clauarius
1342 2946 1387 2982 seu
1401 2931 1494 2982 consul
1504 2931 1549 3000 qui
1559 2945 1725 3000 computaret

553 3018 641 3072 debita
659 3035 707 3072 seu
725 3018 871 3072 messiones
890 3018 1012 3072 comunis
1031 3017 1105 3088 plum
1124 3035 1205 3087 quam
1224 3035 1280 3071 esse
1294 3020 1433 3072 debuerint
1450 3037 1465 3072 a
1484 3019 1583 3073 solidis.
1603 3021 1661 3074 XX.
1681 3037 1723 3091 pp.

554 3123 637 3177 usque
655 3108 688 3160 ad
706 3106 813 3160 solidos.
833 3107 864 3160 C.
883 3124 925 3177 pp.
953 3107 1039 3160 solunt
1067 3107 1185 3160 bannum
1212 3107 1367 3161 solidorum.
1395 3108 1453 3162 xx.
1482 3125 1524 3178 pp.
1549 3121 1576 3162 et
1605 3111 1724 3164 restintat

554 3193 707 3248 missalium.
726 3207 753 3248 et
770 3211 785 3248 a
804 3194 902 3248 solidis.
922 3195 953 3248 C.
967 3196 1087 3264 superius
1100 3194 1186 3249 soluat
1200 3197 1317 3250 bannum
1331 3195 1465 3252 libmrum.
1478 3197 1511 3251 tc
1525 3214 1566 3266 pp.
1582 3209 1608 3250 et
1620 3197 1725 3252 amittat

554 3283 645 3338 omnin
664 3283 751 3337 officia
769 3283 892 3338 comunis
905 3297 1024 3354 tempore
1043 3285 1097 3336 uite
1115 3301 1169 3338 sue.
1189 3297 1215 3338 et
1233 3284 1351 3338 restituat
1369 3285 1516 3355 dampnum
1535 3287 1653 3340 comuni.

593 3425 631 3479 16.
654 3425 744 3494 [xvi]
766 3426 832 3478 Item
852 3438 979 3478 statutum
999 3439 1037 3478 est
1056 3427 1128 3496 quod
1146 3443 1241 3479 onmes
1260 3427 1382 3480 consules
1401 3440 1539 3480 teneantur
1567 3443 1593 3482 et
1612 3429 1725 3482 debeant

554 3515 620 3576 inira
639 3532 714 3585 pasca
733 3513 916 3568 resurectionis
929 3515 1032 3568 domini
1049 3517 1205 3586 consignare
1218 3517 1370 3569 consulibus
1384 3516 1461 3570 nouis
1474 3517 1619 3571 substitutis
1630 3535 1725 3572 omnes

554 3604 634 3658 libros
653 3605 860 3658 accusationum.
881 3603 1039 3656 bannorum.
1059 3605 1240 3674 receptionum
1251 3619 1276 3658 et
1295 3605 1470 3676 sequelarum.
1490 3619 1517 3660 et
1536 3606 1679 3660 banderias.
1699 3619 1725 3660 et

554 3705 668 3745 statems.
687 3705 713 3746 et
741 3691 888 3744 marchum.
907 3704 934 3744 et
952 3691 1122 3762 priuilegium
1149 3706 1233 3746 uetus.
1252 3707 1278 3746 et
1296 3707 1394 3746 cartam
1422 3696 1617 3764 pronunciatus.
1637 3707 1663 3750 et
1682 3713 1725 3749 eas

554 3781 618 3850 poni
636 3779 720 3835 facere
739 3781 766 3834 in
785 3797 889 3834 camera
906 3782 1037 3834 comunis.
1056 3793 1083 3835 et
1101 3781 1185 3834 en'am
1205 3782 1369 3836 lemanum
1387 3799 1482 3837 omnes
1494 3784 1559 3838 alias
1571 3801 1722 3838 menssuras

554 3882 581 3922 et
600 3869 704 3923 balistas
722 3871 774 3940 (1).
793 3882 820 3924 et
837 3870 1011 3939 campionum
1030 3869 1201 3926 florenorum.

595 4009 633 4061 17.
656 3993 750 4061 [XVII]
772 3994 838 4046 Item
858 4005 985 4046 statutum
1004 4007 1042 4046 est
1061 3995 1133 4066 quod
1152 3995 1273 4047 consules
1293 4008 1433 4048 teneantur
1450 3997 1548 4066 precise
1568 4014 1723 4068 percorum

554 4095 748 4134 sacramentum
768 4099 906 4151 procurare
934 4084 1003 4135 bona
1031 4081 1082 4135 lide
1101 4095 1239 4137 eteorum
1268 4101 1344 4154 posse
1362 4085 1434 4156 quod
1453 4100 1548 4138 omnes
1567 4087 1657 4154 nuncii
1678 4088 1724 4140 do·

583 4259 609 4309 (t)
625 4258 685 4305 Quae
700 4258 852 4310 subsequuntur
865 4271 910 4312 cep-
926 4258 985 4298 verbe
999 4259 1101 4312 posterius
1116 4261 1189 4312 scripta
1204 4269 1260 4298 sunt.

583 4331 610 4380 (2)
625 4327 722 4368 Additum
736 4339 767 4368 est
781 4330 889 4368 recentiori
903 4328 1007 4368 literarum
1021 4328 1103 4368 senne:
1118 4336 1135 4368 ct
1148 4331 1249 4368 weriot.

583 4403 609 4452 (ς)
626 4399 715 4455 Capituli
730 4400 789 4440 verbe
803 4413 854 4454 quae
870 4399 1021 4453 subsequuntur
1035 4401 1143 4455 posteriori
1159 4399 1230 4440 calami
1245 4401 1305 4456 signo
1319 4399 1386 4440 deleta
1400 4411 1455 4442 suut.
