3958 5540
515 505 565 558 118

547 625 609 680 Pias
627 624 778 679 uoluntates
795 619 981 677 delimctorum
999 621 1136 692 potissime
1154 621 1200 691 qui
1218 621 1289 674 dicto
1307 617 1418 674 comuni
1434 617 1468 672 ad
1480 615 1615 671 fortilicias
1632 615 1679 670 ali-

511 715 574 784 quid
594 713 786 783 relinquissent,
804 710 954 765 executioni
972 711 1137 764 mandnbunt
1163 709 1273 762 heredes
1299 723 1392 761 eorum
1419 705 1566 776 specialiter
1582 705 1611 758 io
1629 720 1676 758 sua

509 800 612 854 iusticia
630 799 811 854 confouentes

546 888 657 940 Tributa
675 903 731 941 non
750 887 876 956 recipient
894 903 943 939 nec
960 885 1016 938 dari
1034 885 1093 956 alijs
1112 885 1250 956 patiantur.

546 976 639 1040 Fodra‚
652 976 747 1039 banna,
760 973 827 1038 ficta,
840 973 923 1038 dacia,
936 973 1068 1038 collectas,
1080 987 1106 1026 et
1124 989 1297 1044 quoscunque
1315 985 1460 1042 prouentus
1477 969 1539 1024 dicti
1553 967 1676 1022 comunis

509 1063 617 1132 exigent
634 1074 660 1114 et
678 1061 794 1114 clauario
812 1061 1016 1131 consignabant,
1034 1061 1162 1130 quicum
1180 1061 1219 1113 eis
1237 1062 1336 1113 bonam
1358 1059 1467 1112 comuni
1486 1055 1582 1110 iaciant
1600 1056 1676 1108 ratio

509 1167 572 1202 nem
590 1161 616 1201 et
634 1149 743 1201 cuilibet
760 1149 793 1201 ab
811 1148 869 1218 ipso
887 1149 997 1201 comuni
1015 1147 1113 1200 habere
1130 1147 1245 1200 debenti.

544 1236 669 1289 Clanario
687 1237 812 1290 obedient
829 1249 856 1289 et
874 1237 931 1288 sine
949 1235 1007 1288 eius
1024 1234 1130 1288 licentia
1148 1233 1214 1288 fines
1233 1234 1338 1304 bugelle
1359 1249 1413 1287 non
1432 1233 1549 1286 exibunt

545 1322 736 1393 Delinquantes
754 1324 865 1392 punient
883 1323 1030 1375 secundum
1049 1322 1255 1375 consuetudines
1274 1321 1344 1374 dicte
1361 1333 1436 1374 terre.

544 1412 731 1464 Discordantes
748 1412 781 1464 ad
801 1428 892 1480 pacem
911 1423 937 1463 et
955 1410 1127 1463 concordiam
1145 1426 1193 1479 pro
1212 1410 1312 1463 uiribus
1330 1411 1500 1462 reuocabunt

544 1499 606 1550 Vias
625 1497 741 1568 publicas
760 1497 831 1550 refici
850 1497 953 1560 sacient,
972 1513 1034 1550 cum
1053 1513 1120 1568 opus
1139 1497 1224 1562 fuerit,
1243 1509 1269 1550 et
1287 1498 1375 1550 actari.

545 1586 691 1639 Uenientes
702 1587 735 1638 ad
748 1584 845 1650 iorum,
854 1598 881 1638 et
892 1601 1065 1656 quoscunque
1077 1584 1206 1638 sorensses
1219 1585 1345 1654 recipient
1354 1584 1466 1639 fideliter
1477 1597 1504 1638 et
1516 1584 1672 1637 tractabunt.

543 1674 683 1743 Magistros
701 1674 729 1726 in
747 1675 899 1744 grammica,
918 1685 943 1726 et
962 1673 1046 1726 scolas
1064 1673 1156 1738 teneri,
1184 1685 1210 1726 et
1228 1673 1379 1726 continuari
1406 1672 1535 1725 curabunt
1562 1670 1673 1724 fideliter

509 1763 576 1814 iusta
595 1777 707 1814 morem.

542 1850 575 1903 Et
593 1849 642 1901 hec
661 1849 753 1902 omnia
771 1861 797 1901 et
816 1848 920 1919 singula
939 1850 972 1902 ad
985 1848 1104 1902 officium
1116 1847 1277 1912 consulatus,
1286 1849 1415 1918 regimen,
1424 1861 1451 1902 et
1463 1849 1564 1902 mount
1574 1857 1671 1900 statum

506 1936 610 2006 bugelle
629 1937 794 2006 pertinentia,
812 1937 936 1990 iurabunt
953 1937 1123 2006 corporaliter
1149 1936 1182 1989 ad
1210 1949 1299 1989 sancta
1326 1938 1368 1990 dei
1395 1935 1535 2005 euangelia
1562 1934 1673 1993 fideliter

508 2027 649 2078 obseruare
667 2037 771 2078 remoto
789 2042 889 2088 amore,
908 2026 1004 2094 precio,
1023 2025 1142 2094 precibus
1159 2036 1186 2078 et
1204 2025 1309 2078 timore

505 2183 537 2232 2.
561 2163 794 2232 sacramentale
817 2163 1058 2251 proconsulum.

539 2270 743 2341 inquisitionem
762 2269 858 2323 facient
876 2283 902 2322 et
915 2269 1036 2323 rn‘lerent
1048 2271 1076 2322 in
1089 2270 1226 2324 credencia
1237 2270 1350 2342 qualiter
1361 2268 1483 2323 consules
1495 2285 1524 2322 se
1536 2269 1671 2322 habebunt

508 2358 535 2410 in
554 2357 677 2427 gerendis
694 2357 814 2428 negociis
831 2359 955 2411 comunis
972 2360 1120 2412 secundum
1138 2371 1234 2412 statuta
1252 2372 1278 2413 et
1296 2359 1501 2412 consuetudines
1514 2357 1583 2410 dicte
1594 2369 1669 2410 terre.

507 2501 535 2566 3.
560 2479 793 2548 Sacramentale
816 2482 942 2568 notarii.

544 2587 754 2650 Accussationes,
763 2586 986 2652 denuntiationes,
998 2588 1192 2659 inquisitiones,
1204 2589 1300 2654 banna,
1313 2588 1576 2660 condempnationes,
1588 2589 1668 2642 abso-

503 2674 627 2739 lutiones,
646 2673 855 2740 resonnationes,
874 2689 1026 2746 prouentus,
1044 2694 1192 2748 expenssas,
1211 2693 1346 2748 processus
1365 2689 1392 2731 et
1409 2677 1460 2731 alia
1478 2677 1511 2730 ad
1530 2678 1588 2730 eius
1605 2677 1668 2732 offi-

503 2763 575 2816 cium
593 2762 750 2833 pertinentia
768 2765 862 2817 scribet
880 2763 908 2816 in
927 2763 994 2817 libro
1013 2767 1143 2818 comunis.
1162 2765 1196 2819 Et
1214 2765 1367 2819 consulibus
1384 2764 1569 2820 manifestabit

539 2852 581 2904 Ad
595 2850 728 2922 platheam
742 2851 817 2923 placij
830 2851 919 2905 veniet
932 2853 1008 2906 omni
1020 2853 1071 2906 die.
1080 2853 1114 2906 Et
1123 2854 1156 2906 nd
1165 2853 1321 2907 mandatum
1331 2853 1472 2907 consulum
1485 2854 1668 2925 perseuerabit.

539 2937 753 2993 Deffenssionem
772 2939 840 2993 nulli
858 2939 1041 3012 ladet,neque
1059 2941 1222 2996 solutionem
1241 2941 1309 2996 ultra
1327 2942 1490 2997 taxationem
1502 2942 1609 3012 recipiet
1621 2957 1668 3012 pro

504 3027 645 3098 s'cripttuis

536 3114 656 3185 Singulis
673 3115 795 3169 noctibus
813 3114 841 3168 in
859 3132 918 3170 sero
936 3115 1052 3188 inquiret
1070 3118 1191 3172 custodes
1209 3117 1242 3172 ad
1262 3118 1403 3190 platheam,
1416 3131 1443 3172 et
1454 3119 1575 3173 absentes
1587 3129 1669 3190 ponet

504 3204 532 3256 in
551 3203 619 3256 libro
637 3203 768 3268 comunis,
786 3205 924 3258 neminem
943 3206 1115 3260 exmmsando.

538 3290 673 3345 Tabernas
691 3292 720 3344 in
738 3291 852 3362 bugella,
871 3309 949 3346 causa
967 3294 1074 3348 bibendi
1093 3293 1136 3348 uel
1157 3296 1318 3350 comedendi
1337 3313 1392 3350 non
1411 3297 1526 3351 intrabit.

536 3377 639 3432 Statuta
657 3379 780 3432 comunis
797 3379 864 3432 infra
883 3381 1049 3435 natiuitatem
1077 3383 1181 3436 domini
1209 3382 1279 3454 leget
1299 3401 1346 3454 per
1363 3401 1392 3438 se
1411 3384 1454 3437 uel
1473 3401 1519 3454 per
1536 3383 1619 3438 alium
1638 3385 1666 3437 in

501 3466 604 3536 publica
622 3467 760 3520 concione
778 3466 812 3521 Et
830 3468 980 3522 additiones
998 3469 1062 3539 poni
1081 3469 1158 3524 saciet
1175 3471 1203 3523 in
1223 3470 1291 3524 libro
1308 3483 1476 3527 statutorum.

500 3628 533 3692 4.
558 3605 792 3674 sacramentale
815 3608 1053 3676 extimatorum.

535 3711 659 3782 Dnmpna
677 3712 845 3766 extimabunt
862 3712 991 3784 legaliter,
1008 3725 1035 3768 et
1052 3713 1184 3768 extimum
1202 3713 1268 3769 inira
1287 3731 1333 3770 sex
1350 3716 1406 3770 dies
1432 3717 1585 3772 consulibus
1603 3733 1665 3788 pre·

500 3799 650 3853 sentabunt

501 3940 530 4007 5.
556 3920 793 3989 Sacramentale
816 3941 1051 3992 assumatomm
1074 3945 1324 3994 menssurarum.

536 4027 686 4081 Menssuras
702 4039 729 4081 et
746 4031 863 4100 pondera
880 4031 1024 4084 hominum
1052 4031 1158 4102 bugelle
1175 4031 1243 4086 iusta
1270 4049 1419 4089 menssuras
1436 4049 1463 4089 et
1481 4036 1598 4107 pondera
1615 4051 1665 4091 co·

505 4116 595 4169 munis
613 4114 725 4168 fideliter
741 4119 920 4184 assomabunt,
932 4131 959 4172 et
970 4119 1049 4190 signo
1060 4119 1183 4174 comunis
1195 4119 1345 4191 signabunt,
1358 4123 1487 4194 usquead
1499 4124 1665 4179 natiuitatem

501 4203 604 4258 domini
624 4214 650 4257 et
667 4219 724 4257 non
743 4204 811 4260 ultra
828 4205 880 4259 nisi
898 4207 932 4259 de
949 4206 1055 4260 licentia
1073 4208 1214 4263 consulum
1233 4209 1425 4280 processissent

537 4289 611 4346 Falsa
629 4291 651 4346 si
670 4307 721 4362 que
740 4293 893 4364 reperierint
910 4293 1072 4352 Consulibus
1090 4299 1284 4368 presentabunt
