3958 5540
496 673 544 726 DE
563 671 740 726 TABERNIS
759 671 807 724 ET
825 671 1073 742 TABERNARIJS.
1093 701 1125 712 -
1145 671 1176 725 R.
1194 669 1293 726 XVIII.

343 846 401 916 308.
420 845 554 899 Statutum
573 845 702 916 estquod
721 845 794 898 nullu
813 861 924 916 persona
943 845 1038 898 debeat
1063 844 1177 898 vendere
1197 845 1291 898 vinum
1318 845 1346 898 in
1366 800 1481 913 bugelln⁴

306 933 363 1002 plus
382 933 439 986 ΧΗ.
459 933 501 1002 (1)
520 934 608 986 denar.
628 932 781 1003 quartinum
800 945 826 984 et
844 943 983 986 teneantur
1000 933 1149 986 venditores
1166 932 1222 986 vini
1234 949 1332 1002 ponere
1344 943 1469 984 craterem

305 1021 361 1074 siue
379 1021 533 1090 quartinum
560 1021 617 1074 siue
637 1019 757 1072 medium
784 1020 945 1089 quartinum.
972 1020 1003 1072 In
1033 1019 1156 1072 manibus
1173 1032 1328 1090 potatorum
1347 1018 1389 1071 uel
1409 1031 1471 1070 ante

306 1109 384 1178 ipsos.
403 1121 465 1161 ante
483 1125 564 1178 quarn
584 1121 685 1178 ponent
697 1109 783 1176 ipsum
797 1107 828 1160 In
841 1105 926 1160 tniolo
939 1107 996 1160 siue
1008 1107 1039 1159 In
1052 1123 1118 1176 cupa
1131 1119 1157 1160 et
1169 1108 1230 1160 dere
1243 1119 1341 1160 rectam
1353 1121 1472 1159 menssu·

307 1213 363 1248 ram
382 1196 515 1248 omnibus
533 1196 568 1249 Et
585 1197 631 1265 qui
649 1193 830 1248 contrafecerit
848 1195 876 1246 in
894 1194 984 1264 aliquo
1013 1193 1099 1247 soluat
1127 1195 1244 1248 bannum
1271 1195 1388 1264 qualibet
1405 1194 1471 1246 vice.

305 1283 353 1335 sol.
372 1283 497 1352 quinque.
517 1300 558 1351 pp.
577 1294 604 1336 et
621 1282 667 1334 ille
685 1282 728 1334 uel
746 1281 785 1333 illi
803 1281 899 1350 quibus
917 1283 1022 1334 daretur
1050 1280 1119 1334 rnale
1146 1293 1340 1334 menssuraturn
1369 1282 1471 1351 possint

306 1385 439 1423 accussare
457 1369 571 1422 Iurando
589 1381 615 1421 et
633 1369 728 1422 habeat
745 1385 821 1422 suam
840 1381 941 1439 partem
967 1369 1055 1422 banni.
1075 1369 1194 1423 bannum
1220 1380 1324 1422 tanturn
1353 1367 1470 1438 ponendi

306 1457 400 1510 vinum
418 1456 449 1510 ln
467 1456 553 1526 mjolo
572 1455 614 1509 uel
642 1457 729 1526 sypho
757 1457 791 1510 sit
818 1456 866 1509 sol.
885 1457 918 1510 u.
946 1469 972 1511 et
990 1455 1112 1510 consules
1130 1467 1269 1510 teneantur
1287 1456 1420 1526 inquirere
1437 1454 1471 1508 de

306 1544 359 1613 hijs
376 1543 422 1614 qui
440 1544 607 1597 vendiderim
624 1544 719 1596 vinum
738 1542 796 1613 plus
814 1559 895 1614 quarn
914 1544 1066 1598 continetur
1083 1543 1114 1598 ln
1133 1555 1238 1598 statuto.

307 1633 349 1700 (2)
358 1643 384 1684 et
393 1631 465 1700 quod
478 1649 533 1684 non
547 1631 628 1700 possit
641 1632 668 1682 ln
682 1631 816 1684 credentia
827 1632 899 1701 quod
911 1631 988 1684 detur
1000 1631 1110 1684 licencia
1119 1631 1191 1702 quod
1204 1631 1334 1684 uendatur
1343 1630 1401 1701 plus
1410 1641 1472 1684 ante

307 1717 403 1772 testum
421 1719 503 1772 sancti
522 1719 656 1772 Iohannis.
675 1719 734 1772 etsi
748 1719 896 1771 uendiderit
908 1719 1002 1772 uinum
1018 1718 1085 1772 ultra
1107 1719 1133 1772 id
1146 1719 1217 1790 quod
1229 1719 1381 1772 ordinatum
1394 1717 1472 1772 fuerit

307 1823 353 1875 per
370 1823 486 1860 comune
503 1807 575 1876 quod
594 1807 621 1858 ln
640 1805 685 1858 illa
704 1807 787 1858 domo
805 1806 833 1858 in
852 1823 903 1876 qua
930 1806 1071 1859 uenditum
1090 1805 1167 1859 luerit
1196 1807 1291 1860 uinum
1316 1823 1371 1860 non
1390 1807 1471 1876 possit

308 1893 388 1947 uendi
407 1894 502 1947 uinum
521 1910 570 1946 nec
598 1893 671 1962 panis
700 1905 758 1945 toto
785 1905 904 1962 ternpore
931 1893 993 1946 dicti
1012 1893 1163 1946 consolatus
1190 1906 1217 1946 et
1234 1909 1339 1946 accusas
1357 1894 1471 1963 predicta

307 1982 458 2034 occassione
476 1993 615 2034 teneantur
632 1979 754 2033 consules
772 1979 856 2032 facere
874 1981 982 2032 iudicari
1011 1979 1081 2032 Insra
1103 1997 1235 2034 menssem
1256 1993 1396 2050 postquam
1405 1979 1471 2033 lacte

308 2067 412 2121 inerint.
431 2080 458 2120 et
476 2068 538 2137 ipsis
556 2067 677 2120 iudicatis
695 2068 808 2120 domurn
828 2066 923 2120 iaciant
941 2067 1097 2120 imbandari.
1116 2067 1185 2120 lnlra
1204 2067 1274 2120 VIII.
1293 2068 1349 2120 dies
1367 2079 1393 2120 et
1410 2083 1472 2121 con·

307 2157 376 2210 sulec
394 2168 534 2210 teneantur
550 2155 683 2225 inquirere
700 2157 933 2227 quocienscunque
951 2153 1029 2209 fuerit
1046 2157 1084 2210 eis
1096 2156 1289 2210 denuntiatum.
1302 2156 1346 2210 uel
1358 2155 1391 2209 ad
1403 2157 1471 2226 ipso-

308 2260 368 2298 rum
387 2243 537 2316 peruenerit
553 2244 677 2297 notitiam
695 2246 708 2313 (
725 2245 746 2312 ).

346 2399 403 2454 309.
423 2384 489 2436 Item
508 2395 635 2436 statutum
654 2395 693 2436 est
711 2383 783 2453 quod
801 2383 888 2453 aliqua
907 2400 1017 2453 persona
1036 2400 1087 2454 que
1105 2385 1200 2438 vendat
1227 2385 1327 2438 vinum.
1346 2399 1402 2438 non
1420 2384 1469 2438 de·

309 2472 367 2524 beat
385 2473 447 2524 dare
464 2472 515 2524 nisi
534 2483 638 2525 tantum
657 2485 794 2524 numatam
813 2471 868 2524 vini
887 2473 914 2524 in
934 2489 987 2524 sno
1005 2472 1098 2542 cypho.
1109 2473 1159 2524 nisi
1170 2473 1242 2526 daret
1262 2474 1295 2526 ad
1307 2489 1471 2526 rnenssuram

308 2560 422 2630 quartini
441 2559 484 2612 uel
504 2560 584 2628 medij
604 2559 727 2628 quartini.
747 2559 789 2613 uel
808 2560 880 2628 tercij
901 2558 943 2612 uel
962 2561 1056 2629 quarti.
1075 2561 1107 2614 Et
1126 2561 1171 2630 qui
1190 2561 1370 2616 contrafecerit
1386 2562 1473 2616 soluat

309 2647 427 2700 bannum
446 2664 494 2717 pro
513 2646 630 2717 qualibet
648 2649 704 2700 vice
723 2647 770 2700 sol.
790 2649 908 2717 quinque
927 2663 969 2717 pp.

346 2799 403 2854 310.
423 2786 491 2840 Item
509 2797 637 2840 statutum
653 2798 691 2838 est
710 2786 782 2856 quod
801 2786 890 2840 nullus
904 2788 997 2841 debeat
1015 2787 1078 2840 dare
1095 2803 1174 2842 suurn
1193 2788 1286 2842 vinum
1305 2789 1338 2842 ad
1357 2788 1473 2842 uenden-

309 2871 374 2926 dum
392 2873 420 2926 in
439 2875 522 2938 domo
539 2891 594 2926 sua.
613 2874 694 2943 aliqui
713 2891 824 2942 persone
842 2892 893 2945 que
911 2891 966 2928 non
986 2874 1062 2928 indat
1080 2877 1202 2946 guaciam
1214 2887 1241 2929 et
1257 2876 1308 2930 alia
1326 2889 1353 2930 et
1371 2877 1404 2931 sit
1415 2879 1474 2932 sub·

310 2959 380 3014 diuis
398 2960 469 3014 dicto
487 2961 604 3014 comuni.
624 2973 650 3014 et
668 2960 754 3014 soluat
771 2960 878 3014 iodrum
896 2963 939 3031 (3)
958 2964 1044 3016 benna
1071 2965 1197 3016 sustineo
1224 2976 1250 3016 et
1269 2965 1377 3018 honera.
1395 2977 1422 3018 et
1439 2965 1473 3018 sit

309 3047 428 3101 subditus
446 3065 500 3118 quo
519 3049 551 3102 cd
571 3065 681 3100 munera
701 3048 780 3101 realia
798 3061 824 3102 et
842 3049 988 3118 personalia
1007 3051 1049 3119 (3)
1068 3067 1129 3103 cunt
1148 3052 1258 3104 comuni
1283 3052 1388 3122 bugelle
1406 3053 1474 3105 sicut

309 3133 353 3204 aiij
373 3135 497 3188 homines
516 3135 620 3204 bugelle
639 3147 665 3188 et
683 3136 728 3206 qui
746 3135 929 3190 contrafecerit
946 3137 1033 3190 soluat
1052 3139 1171 3192 bannum
1189 3138 1237 3192 sol.
1256 3139 1314 3194 XX.
1334 3157 1376 3210 pp.
1398 3139 1432 3194 Et
1451 3139 1472 3192 si

309 3221 405 3292 aliquis
423 3224 495 3276 duret
513 3222 591 3276 alicui
611 3224 704 3276 tinum
731 3225 763 3277 nd
782 3225 951 3278 vendendum
979 3225 1023 3294 (4)
1042 3226 1083 3278 uel
1108 3227 1205 3280 locaret
1232 3229 1344 3280 domum
1363 3227 1405 3296 (4)
1424 3243 1473 3281 nec

310 3307 406 3363 laceret
424 3311 537 3362 rendere
555 3310 633 3363 alicui
652 3311 697 3380 qui
716 3311 799 3364 nollet
817 3312 952 3366 attendere
970 3313 1057 3366 bnnnu
1069 3315 1141 3384 quod
1154 3313 1199 3368 illc
1212 3314 1286 3368 cuius
1299 3327 1366 3368 esset
1378 3313 1472 3366 vinum

310 3408 430 3450 tencatur
447 3397 550 3450 soluere
569 3399 663 3450 banna.

348 3551 405 3603 311.
425 3537 492 3590 Item
511 3549 637 3591 statutum
656 3549 695 3590 est
713 3537 785 3607 quod
803 3537 898 3608 aliquis
916 3538 949 3593 de
967 3538 1072 3610 bugella
1090 3541 1136 3611 qui
1155 3539 1280 3594 Inventus
1307 3540 1430 3596 fueritin
1448 3559 1473 3596 a·

311 3621 383 3694 liqna
401 3625 508 3677 taberna
526 3637 585 3694 post
603 3641 683 3694 quam
703 3642 819 3696 canpana
838 3627 979 3680 custodum
999 3627 1100 3698 pulsata
1119 3627 1196 3681 luerit
1213 3629 1271 3681 siue
1289 3628 1353 3684 libat
1370 3629 1412 3683 uel
1431 3645 1474 3684 co·

312 3711 400 3764 medat
417 3712 474 3764 siue
492 3725 555 3764 non
575 3711 661 3764 soluat
679 3713 805 3766 bannum.
824 3713 873 3766 sol.
891 3714 1009 3784 quinque
1028 3731 1075 3786 pro
1099 3715 1215 3785 qualibet
1245 3715 1310 3770 vice.
1328 3717 1362 3770 Et
1380 3727 1470 3770 tauer-

312 3797 401 3852 oarius
419 3798 505 3852 soluat
525 3798 612 3852 simile
631 3800 757 3852 bennum.

338 4077 346 4118 l
351 4077 370 4130 t)
383 4071 444 4116 llum.
459 4073 498 4118 xn
512 4075 603 4128 abrasae,
618 4087 638 4118 et
652 4075 710 4120 locos
725 4091 778 4120 nnnc
791 4089 867 4120 ruunt
882 4087 920 4121 est.

340 4147 367 4198 (t)
384 4147 411 4200 (r)
426 4149 519 4200 Adiectio
534 4151 641 4203 posterior.
654 4149 712 4204 Juxta
727 4161 822 4204 scripturn
837 4161 881 4192 ert:
897 4159 935 4190 nu
949 4151 1015 4190 ultime
1027 4151 1120 4206 patienta
1130 4151 1151 4192 d
1162 4153 1246 4208 potede
1259 4155 1279 4194 ἰ
1289 4154 1380 4198 adaco
1394 4155 1472 4212 insulas

310 4217 376 4272 pua

341 4289 367 4340 lll
378 4247 412 4340 'm
428 4299 446 4330 ⁸¹
462 4292 491 4344 (tl
508 4291 538 4344 lt)
551 4291 682 4344 Mjectiones
697 4295 827 4347 posteriores.
