<?xml version="1.0" encoding="UTF-8"?>
<!DOCTYPE html PUBLIC "-//W3C//DTD XHTML 1.0 Transitional//EN"
    "http://www.w3.org/TR/xhtml1/DTD/xhtml1-transitional.dtd">
<html xmlns="http://www.w3.org/1999/xhtml" xml:lang="en" lang="en">
 <head>
  <title>
</title>
<meta http-equiv="Content-Type" content="text/html;charset=utf-8" />
  <meta name='ocr-system' content='tesseract 3.04.00' />
  <meta name='ocr-capabilities' content='ocr_page ocr_carea ocr_par ocr_line ocrx_word'/>
</head>
<body>
  <div class='ocr_page' id='page_1' title='image "./statutacomunisb00sellgoog_0285.png"; bbox 0 0 3918 5554; ppageno 0'>
   <div class='ocr_carea' id='block_1_1' title="bbox 505 505 573 583">
    <p class='ocr_par' dir='ltr' id='par_1_1' title="bbox 505 505 573 583">
     <span class='ocr_line' id='line_1_1' title="bbox 505 505 573 583; baseline 0 -17"><span class='ocrx_word' id='word_1_1' title='bbox 505 505 573 583; x_wconf 73' lang='lat'>&#39;250</span> 
     </span>
    </p>
   </div>
   <div class='ocr_carea' id='block_1_2' title="bbox 873 631 1331 689">
    <p class='ocr_par' dir='ltr' id='par_1_2' title="bbox 873 631 1331 689">
     <span class='ocr_line' id='line_1_2' title="bbox 873 631 1331 689; baseline -0.009 0"><span class='ocrx_word' id='word_1_2' title='bbox 873 633 903 689; x_wconf 88' lang='lat' dir='ltr'><strong>C.</strong></span> <span class='ocrx_word' id='word_1_3' title='bbox 922 631 1099 687; x_wconf 76' lang='lat' dir='ltr'>STATUTA</span> <span class='ocrx_word' id='word_1_4' title='bbox 1118 631 1331 688; x_wconf 84' lang='lat' dir='ltr'><strong>SARTORUM.</strong></span> 
     </span>
    </p>
   </div>
   <div class='ocr_carea' id='block_1_3' title="bbox 561 771 1539 967">
    <p class='ocr_par' dir='ltr' id='par_1_3' title="bbox 561 771 1539 967">
     <span class='ocr_line' id='line_1_3' title="bbox 562 771 1409 860; baseline 0 -20"><span class='ocrx_word' id='word_1_5' title='bbox 562 776 601 840; x_wconf 89' lang='lat' dir='ltr'><strong>In</strong></span> <span class='ocrx_word' id='word_1_6' title='bbox 624 774 756 841; x_wconf 89' lang='lat' dir='ltr'><strong>nomine</strong></span> <span class='ocrx_word' id='word_1_7' title='bbox 780 771 905 841; x_wconf 91' lang='lat' dir='ltr'><strong>domini</strong></span> <span class='ocrx_word' id='word_1_8' title='bbox 934 774 1036 840; x_wconf 85' lang='lat' dir='ltr'>nostri</span> <span class='ocrx_word' id='word_1_9' title='bbox 1059 771 1162 860; x_wconf 89' lang='lat' dir='ltr'><strong>yhesu</strong></span> <span class='ocrx_word' id='word_1_10' title='bbox 1185 774 1272 840; x_wconf 89' lang='lat' dir='ltr'><strong>cristi</strong></span> <span class='ocrx_word' id='word_1_11' title='bbox 1293 773 1409 840; x_wconf 87' lang='lat' dir='ltr'><strong>Amen.</strong></span> 
     </span>
     <span class='ocr_line' id='line_1_4' title="bbox 561 876 1539 967; baseline 0.002 -23"><span class='ocrx_word' id='word_1_12' title='bbox 561 881 658 945; x_wconf 82' lang='lat' dir='ltr'><strong>Anno</strong></span> <span class='ocrx_word' id='word_1_13' title='bbox 682 879 854 946; x_wconf 80' lang='lat' dir='ltr'><strong>natiuitatis</strong></span> <span class='ocrx_word' id='word_1_14' title='bbox 877 877 1002 945; x_wconf 89' lang='lat' dir='ltr'><strong>domini</strong></span> <span class='ocrx_word' id='word_1_15' title='bbox 1025 876 1074 944; x_wconf 75' lang='grc' dir='ltr'><strong>Μο</strong></span> <span class='ocrx_word' id='word_1_16' title='bbox 1098 877 1178 946; x_wconf 85' lang='lat' dir='ltr'><strong>CC⁰.</strong></span> <span class='ocrx_word' id='word_1_17' title='bbox 1202 879 1414 967; x_wconf 77' lang='lat' dir='ltr'><strong>nonagesimo</strong></span> <span class='ocrx_word' id='word_1_18' title='bbox 1437 893 1539 946; x_wconf 89' lang='lat' dir='ltr'><strong>sexto.</strong></span> 
     </span>
    </p>
   </div>
   <div class='ocr_carea' id='block_1_4' title="bbox 515 1017 1688 1846">
    <p class='ocr_par' dir='ltr' id='par_1_4' title="bbox 515 1017 1688 1846">
     <span class='ocr_line' id='line_1_5' title="bbox 562 1017 1686 1108; baseline -0.003 -22"><span class='ocrx_word' id='word_1_19' title='bbox 562 1019 633 1086; x_wconf 89' lang='lat' dir='ltr'><strong>Hec</strong></span> <span class='ocrx_word' id='word_1_20' title='bbox 655 1037 729 1086; x_wconf 90' lang='lat' dir='ltr'><strong>sunt</strong></span> <span class='ocrx_word' id='word_1_21' title='bbox 751 1018 889 1108; x_wconf 89' lang='lat' dir='ltr'><strong>quedam</strong></span> <span class='ocrx_word' id='word_1_22' title='bbox 900 1035 1015 1086; x_wconf 81' lang='lat' dir='ltr'><strong>statuta</strong></span> <span class='ocrx_word' id='word_1_23' title='bbox 1027 1035 1060 1084; x_wconf 94' lang='lat' dir='ltr'><strong>et</strong></span> <span class='ocrx_word' id='word_1_24' title='bbox 1070 1017 1291 1086; x_wconf 79' lang='lat' dir='ltr'><strong>ordinamenta</strong></span> <span class='ocrx_word' id='word_1_25' title='bbox 1302 1017 1383 1086; x_wconf 89' lang='lat' dir='ltr'><strong>facta</strong></span> <span class='ocrx_word' id='word_1_26' title='bbox 1395 1039 1451 1106; x_wconf 90' lang='lat' dir='ltr'><strong>per</strong></span> <span class='ocrx_word' id='word_1_27' title='bbox 1466 1017 1686 1105; x_wconf 77' lang='lat' dir='ltr'>infrascriptos</span> 
     </span>
     <span class='ocr_line' id='line_1_6' title="bbox 518 1123 1687 1212; baseline -0.003 -20"><span class='ocrx_word' id='word_1_28' title='bbox 518 1125 662 1192; x_wconf 91' lang='lat' dir='ltr'><strong>Sartores</strong></span> <span class='ocrx_word' id='word_1_29' title='bbox 686 1124 726 1192; x_wconf 91' lang='lat' dir='ltr'><strong>de</strong></span> <span class='ocrx_word' id='word_1_30' title='bbox 749 1124 879 1212; x_wconf 87' lang='lat' dir='ltr'>Bugella</span> <span class='ocrx_word' id='word_1_31' title='bbox 902 1124 941 1192; x_wconf 87' lang='lat' dir='ltr'><strong>ad</strong></span> <span class='ocrx_word' id='word_1_32' title='bbox 965 1125 1126 1194; x_wconf 84' lang='lat' dir='ltr'>honorem</span> <span class='ocrx_word' id='word_1_33' title='bbox 1149 1123 1201 1191; x_wconf 90' lang='lat' dir='ltr'><strong>dei</strong></span> <span class='ocrx_word' id='word_1_34' title='bbox 1224 1141 1256 1191; x_wconf 89' lang='lat' dir='ltr'><strong>et</strong></span> <span class='ocrx_word' id='word_1_35' title='bbox 1277 1123 1368 1190; x_wconf 87' lang='lat' dir='ltr'><strong>beate</strong></span> <span class='ocrx_word' id='word_1_36' title='bbox 1380 1124 1481 1190; x_wconf 89' lang='lat' dir='ltr'><strong>Marie</strong></span> <span class='ocrx_word' id='word_1_37' title='bbox 1497 1123 1639 1211; x_wconf 84' lang='lat' dir='ltr'><strong>Virginis</strong></span> <span class='ocrx_word' id='word_1_38' title='bbox 1654 1139 1687 1188; x_wconf 86' lang='lat' dir='ltr'><strong>et</strong></span> 
     </span>
     <span class='ocr_line' id='line_1_7' title="bbox 517 1228 1688 1320; baseline -0.002 -23"><span class='ocrx_word' id='word_1_39' title='bbox 517 1229 600 1298; x_wconf 89' lang='lat' dir='ltr'><strong>beati</strong></span> <span class='ocrx_word' id='word_1_40' title='bbox 624 1229 749 1316; x_wconf 88' lang='lat' dir='ltr'><strong>Eusebij</strong></span> <span class='ocrx_word' id='word_1_41' title='bbox 775 1245 807 1297; x_wconf 88' lang='lat' dir='ltr'><strong>et</strong></span> <span class='ocrx_word' id='word_1_42' title='bbox 829 1247 1015 1300; x_wconf 88' lang='lat' dir='ltr'><strong>sauctorum</strong></span> <span class='ocrx_word' id='word_1_43' title='bbox 1040 1231 1204 1320; x_wconf 73' lang='lat' dir='ltr'><strong>Stephani,</strong></span> <span class='ocrx_word' id='word_1_44' title='bbox 1227 1228 1335 1298; x_wconf 90' lang='lat' dir='ltr'><strong>Iacobi</strong></span> <span class='ocrx_word' id='word_1_45' title='bbox 1358 1247 1390 1296; x_wconf 92' lang='lat' dir='ltr'><strong>et</strong></span> <span class='ocrx_word' id='word_1_46' title='bbox 1405 1230 1554 1298; x_wconf 90' lang='lat' dir='ltr'><strong>omnium</strong></span> <span class='ocrx_word' id='word_1_47' title='bbox 1564 1245 1688 1296; x_wconf 83' lang='lat' dir='ltr'><strong>sancto-</strong></span> 
     </span>
     <span class='ocr_line' id='line_1_8' title="bbox 517 1335 1687 1406; baseline -0.002 -4"><span class='ocrx_word' id='word_1_48' title='bbox 517 1359 590 1402; x_wconf 90' lang='lat' dir='ltr'><strong>rum</strong></span> <span class='ocrx_word' id='word_1_49' title='bbox 613 1354 645 1404; x_wconf 93' lang='lat' dir='ltr'><strong>et</strong></span> <span class='ocrx_word' id='word_1_50' title='bbox 669 1353 850 1404; x_wconf 78' lang='lat' dir='ltr'><strong>sanctsmm</strong></span> <span class='ocrx_word' id='word_1_51' title='bbox 874 1336 925 1403; x_wconf 90' lang='lat' dir='ltr'><strong>dei</strong></span> <span class='ocrx_word' id='word_1_52' title='bbox 948 1355 980 1404; x_wconf 86' lang='lat' dir='ltr'><strong>et</strong></span> <span class='ocrx_word' id='word_1_53' title='bbox 1003 1335 1042 1405; x_wconf 86' lang='lat' dir='ltr'><strong>ad</strong></span> <span class='ocrx_word' id='word_1_54' title='bbox 1066 1337 1225 1406; x_wconf 89' lang='lat' dir='ltr'>honorem</span> <span class='ocrx_word' id='word_1_55' title='bbox 1248 1353 1281 1403; x_wconf 93' lang='lat' dir='ltr'><strong>et</strong></span> <span class='ocrx_word' id='word_1_56' title='bbox 1302 1336 1426 1404; x_wconf 90' lang='lat' dir='ltr'><strong>bonum</strong></span> <span class='ocrx_word' id='word_1_57' title='bbox 1449 1353 1568 1404; x_wconf 88' lang='lat' dir='ltr'><strong>statum</strong></span> <span class='ocrx_word' id='word_1_58' title='bbox 1589 1355 1687 1401; x_wconf 83' lang='lat' dir='ltr'><strong>vene·</strong></span> 
     </span>
     <span class='ocr_line' id='line_1_9' title="bbox 515 1438 1686 1532; baseline -0.002 -24"><span class='ocrx_word' id='word_1_59' title='bbox 515 1441 621 1508; x_wconf 90' lang='lat' dir='ltr'><strong>rabilis</strong></span> <span class='ocrx_word' id='word_1_60' title='bbox 643 1443 741 1531; x_wconf 87' lang='lat' dir='ltr'><strong>patris</strong></span> <span class='ocrx_word' id='word_1_61' title='bbox 764 1440 888 1508; x_wconf 92' lang='lat' dir='ltr'><strong>domini</strong></span> <span class='ocrx_word' id='word_1_62' title='bbox 911 1442 1063 1532; x_wconf 86' lang='lat' dir='ltr'><strong>Episcopi</strong></span> <span class='ocrx_word' id='word_1_63' title='bbox 1085 1442 1290 1510; x_wconf 78' lang='lat' dir='ltr'><strong>vercellensis</strong></span> <span class='ocrx_word' id='word_1_64' title='bbox 1314 1459 1346 1510; x_wconf 91' lang='lat' dir='ltr'><strong>et</strong></span> <span class='ocrx_word' id='word_1_65' title='bbox 1368 1443 1506 1510; x_wconf 89' lang='lat' dir='ltr'><strong>Comitis</strong></span> <span class='ocrx_word' id='word_1_66' title='bbox 1522 1441 1563 1508; x_wconf 88' lang='lat' dir='ltr'><strong>Et</strong></span> <span class='ocrx_word' id='word_1_67' title='bbox 1575 1438 1614 1508; x_wconf 84' lang='lat' dir='ltr'><strong>ad</strong></span> <span class='ocrx_word' id='word_1_68' title='bbox 1628 1438 1686 1506; x_wconf 93' lang='lat' dir='ltr'><strong>bo-</strong></span> 
     </span>
     <span class='ocr_line' id='line_1_10' title="bbox 518 1546 1687 1637; baseline 0 -25"><span class='ocrx_word' id='word_1_69' title='bbox 518 1569 597 1614; x_wconf 93' lang='lat' dir='ltr'><strong>uum</strong></span> <span class='ocrx_word' id='word_1_70' title='bbox 620 1565 739 1616; x_wconf 89' lang='lat' dir='ltr'><strong>statum</strong></span> <span class='ocrx_word' id='word_1_71' title='bbox 762 1548 866 1615; x_wconf 89' lang='lat' dir='ltr'><strong>tocius</strong></span> <span class='ocrx_word' id='word_1_72' title='bbox 890 1546 1048 1616; x_wconf 90' lang='lat' dir='ltr'><strong>Comunis</strong></span> <span class='ocrx_word' id='word_1_73' title='bbox 1073 1547 1203 1636; x_wconf 78' lang='lat' dir='ltr'><strong>liugelle</strong></span> <span class='ocrx_word' id='word_1_74' title='bbox 1226 1570 1289 1637; x_wconf 88' lang='lat' dir='ltr'><strong>que</strong></span> <span class='ocrx_word' id='word_1_75' title='bbox 1311 1569 1369 1636; x_wconf 90' lang='lat' dir='ltr'><strong>per</strong></span> <span class='ocrx_word' id='word_1_76' title='bbox 1390 1549 1479 1635; x_wconf 91' lang='lat' dir='ltr'><strong>ipsos</strong></span> <span class='ocrx_word' id='word_1_77' title='bbox 1495 1547 1640 1615; x_wconf 82' lang='lat' dir='ltr'><strong>Sartores</strong></span> <span class='ocrx_word' id='word_1_78' title='bbox 1655 1561 1687 1612; x_wconf 90' lang='lat' dir='ltr'><strong>et</strong></span> 
     </span>
     <span class='ocr_line' id='line_1_11' title="bbox 518 1649 1687 1742; baseline 0.002 -25"><span class='ocrx_word' id='word_1_79' title='bbox 518 1673 632 1718; x_wconf 90' lang='lat' dir='ltr'><strong>omnes</strong></span> <span class='ocrx_word' id='word_1_80' title='bbox 656 1649 695 1719; x_wconf 89' lang='lat' dir='ltr'><strong>de</strong></span> <span class='ocrx_word' id='word_1_81' title='bbox 729 1654 869 1739; x_wconf 91' lang='lat' dir='ltr'><strong>paratico</strong></span> <span class='ocrx_word' id='word_1_82' title='bbox 904 1652 1040 1721; x_wconf 88' lang='lat' dir='ltr'><strong>debeant</strong></span> <span class='ocrx_word' id='word_1_83' title='bbox 1073 1671 1229 1742; x_wconf 89' lang='lat' dir='ltr'><strong>perpetuo</strong></span> <span class='ocrx_word' id='word_1_84' title='bbox 1262 1651 1492 1720; x_wconf 80' lang='lat' dir='ltr'><strong>Inuiolsbiliter</strong></span> <span class='ocrx_word' id='word_1_85' title='bbox 1514 1651 1687 1720; x_wconf 80' lang='lat' dir='ltr'><strong>obseruari.</strong></span> 
     </span>
     <span class='ocr_line' id='line_1_12' title="bbox 517 1757 1019 1846; baseline 0.006 -23"><span class='ocrx_word' id='word_1_86' title='bbox 517 1757 659 1824; x_wconf 81' lang='lat' dir='ltr'><strong>Nomina</strong></span> <span class='ocrx_word' id='word_1_87' title='bbox 682 1779 820 1846; x_wconf 88' lang='lat' dir='ltr'><strong>quorum</strong></span> <span class='ocrx_word' id='word_1_88' title='bbox 842 1775 919 1826; x_wconf 91' lang='lat' dir='ltr'><strong>sunt</strong></span> <span class='ocrx_word' id='word_1_89' title='bbox 949 1759 1019 1826; x_wconf 91' lang='lat' dir='ltr'><strong>hec.</strong></span> 
     </span>
    </p>
   </div>
   <div class='ocr_carea' id='block_1_5' title="bbox 553 1879 757 1952">
    <p class='ocr_par' dir='ltr' id='par_1_5' title="bbox 553 1879 757 1952">
     <span class='ocr_line' id='line_1_13' title="bbox 553 1879 757 1952; baseline 0 -18"><span class='ocrx_word' id='word_1_90' title='bbox 553 1879 690 1952; x_wconf 85' lang='lat' dir='ltr'><strong>Imprimis</strong></span> <span class='ocrx_word' id='word_1_91' title='bbox 714 1881 757 1951; x_wconf 89' lang='lat' dir='ltr'><strong>(t)</strong></span> 
     </span>
    </p>
   </div>
   <div class='ocr_carea' id='block_1_6' title="bbox 517 2005 1686 2605">
    <p class='ocr_par' dir='ltr' id='par_1_6' title="bbox 517 2005 1686 2605">
     <span class='ocr_line' id='line_1_14' title="bbox 556 2005 1685 2078; baseline 0.002 -20"><span class='ocrx_word' id='word_1_92' title='bbox 556 2022 577 2058; x_wconf 91' lang='lat' dir='ltr'><strong>r.</strong></span> <span class='ocrx_word' id='word_1_93' title='bbox 596 2005 639 2075; x_wconf 90' lang='lat'><strong>(2)</strong></span> <span class='ocrx_word' id='word_1_94' title='bbox 658 2005 792 2075; x_wconf 88' lang='lat' dir='ltr'><strong>Imprimis</strong></span> <span class='ocrx_word' id='word_1_95' title='bbox 810 2019 938 2060; x_wconf 88' lang='lat' dir='ltr'><strong>statutum</strong></span> <span class='ocrx_word' id='word_1_96' title='bbox 957 2019 984 2061; x_wconf 92' lang='lat' dir='ltr'><strong>et</strong></span> <span class='ocrx_word' id='word_1_97' title='bbox 1002 2008 1154 2060; x_wconf 87' lang='lat' dir='ltr'><strong>ordinatum</strong></span> <span class='ocrx_word' id='word_1_98' title='bbox 1173 2019 1212 2060; x_wconf 91' lang='lat' dir='ltr'><strong>est</strong></span> <span class='ocrx_word' id='word_1_99' title='bbox 1221 2006 1305 2071; x_wconf 88' lang='lat' dir='ltr'><strong>Quod</strong></span> <span class='ocrx_word' id='word_1_100' title='bbox 1318 2007 1408 2060; x_wconf 90' lang='lat' dir='ltr'><strong>nullus</strong></span> <span class='ocrx_word' id='word_1_101' title='bbox 1417 2007 1507 2060; x_wconf 77' lang='lat' dir='ltr'><strong>Sartor</strong></span> <span class='ocrx_word' id='word_1_102' title='bbox 1518 2005 1685 2078; x_wconf 81' lang='lat' dir='ltr'><strong>deCollegio</strong></span> 
     </span>
     <span class='ocr_line' id='line_1_15' title="bbox 517 2093 1685 2166; baseline 0.001 -20"><span class='ocrx_word' id='word_1_103' title='bbox 517 2094 611 2147; x_wconf 87' lang='lat' dir='ltr'><strong>debeat</strong></span> <span class='ocrx_word' id='word_1_104' title='bbox 639 2093 731 2147; x_wconf 88' lang='lat' dir='ltr'><strong>taliare</strong></span> <span class='ocrx_word' id='word_1_105' title='bbox 757 2111 806 2148; x_wconf 90' lang='lat' dir='ltr'><strong>nec</strong></span> <span class='ocrx_word' id='word_1_106' title='bbox 825 2097 914 2148; x_wconf 85' lang='lat' dir='ltr'><strong>cuxire</strong></span> <span class='ocrx_word' id='word_1_107' title='bbox 932 2111 981 2148; x_wconf 87' lang='lat' dir='ltr'><strong>nec</strong></span> <span class='ocrx_word' id='word_1_108' title='bbox 1000 2095 1082 2148; x_wconf 86' lang='lat' dir='ltr'><strong>cuxiri</strong></span> <span class='ocrx_word' id='word_1_109' title='bbox 1102 2094 1186 2148; x_wconf 86' lang='lat' dir='ltr'><strong>facere</strong></span> <span class='ocrx_word' id='word_1_110' title='bbox 1204 2111 1253 2148; x_wconf 90' lang='lat' dir='ltr'><strong>uec</strong></span> <span class='ocrx_word' id='word_1_111' title='bbox 1272 2095 1389 2166; x_wconf 81' lang='lat' dir='ltr'><strong>aliquem</strong></span> <span class='ocrx_word' id='word_1_112' title='bbox 1417 2095 1535 2148; x_wconf 88' lang='lat' dir='ltr'><strong>laborem</strong></span> <span class='ocrx_word' id='word_1_113' title='bbox 1565 2111 1685 2148; x_wconf 81' lang='lat' dir='ltr'><strong>exercere</strong></span> 
     </span>
     <span class='ocr_line' id='line_1_16' title="bbox 517 2180 1684 2253; baseline 0.002 -19"><span class='ocrx_word' id='word_1_114' title='bbox 517 2181 551 2234; x_wconf 87' lang='lat' dir='ltr'><strong>de</strong></span> <span class='ocrx_word' id='word_1_115' title='bbox 568 2180 658 2236; x_wconf 88' lang='lat' dir='ltr'><strong>officio</strong></span> <span class='ocrx_word' id='word_1_116' title='bbox 677 2181 792 2236; x_wconf 79' lang='lat' dir='ltr'><strong>Sartorie</strong></span> <span class='ocrx_word' id='word_1_117' title='bbox 810 2183 838 2236; x_wconf 90' lang='lat' dir='ltr'><strong>in</strong></span> <span class='ocrx_word' id='word_1_118' title='bbox 857 2183 948 2253; x_wconf 89' lang='lat' dir='ltr'><strong>aliquo</strong></span> <span class='ocrx_word' id='word_1_119' title='bbox 965 2182 1009 2235; x_wconf 91' lang='lat' dir='ltr'><strong>die</strong></span> <span class='ocrx_word' id='word_1_120' title='bbox 1027 2183 1165 2236; x_wconf 88' lang='lat' dir='ltr'><strong>dominico</strong></span> <span class='ocrx_word' id='word_1_121' title='bbox 1183 2199 1232 2236; x_wconf 90' lang='lat' dir='ltr'><strong>uec</strong></span> <span class='ocrx_word' id='word_1_122' title='bbox 1252 2182 1318 2236; x_wconf 89' lang='lat' dir='ltr'><strong>festo</strong></span> <span class='ocrx_word' id='word_1_123' title='bbox 1336 2184 1411 2236; x_wconf 88' lang='lat' dir='ltr'><strong>beate</strong></span> <span class='ocrx_word' id='word_1_124' title='bbox 1439 2182 1522 2236; x_wconf 85' lang='lat' dir='ltr'><strong>biarie</strong></span> <span class='ocrx_word' id='word_1_125' title='bbox 1548 2199 1598 2236; x_wconf 86' lang='lat' dir='ltr'><strong>nec</strong></span> <span class='ocrx_word' id='word_1_126' title='bbox 1625 2183 1684 2236; x_wconf 87' lang='lat' dir='ltr'><strong>XII.</strong></span> 
     </span>
     <span class='ocr_line' id='line_1_17' title="bbox 519 2269 1685 2341; baseline 0 -19"><span class='ocrx_word' id='word_1_127' title='bbox 519 2269 710 2339; x_wconf 79' lang='lat' dir='ltr'><strong>Apostolorum</strong></span> <span class='ocrx_word' id='word_1_128' title='bbox 728 2287 743 2324; x_wconf 81' lang='lat' dir='ltr'>a</span> <span class='ocrx_word' id='word_1_129' title='bbox 761 2270 853 2341; x_wconf 83' lang='lat' dir='ltr'><strong>vigilia</strong></span> <span class='ocrx_word' id='word_1_130' title='bbox 871 2271 1005 2341; x_wconf 88' lang='lat' dir='ltr'><strong>usquead</strong></span> <span class='ocrx_word' id='word_1_131' title='bbox 1025 2271 1190 2340; x_wconf 80' lang='lat' dir='ltr'><strong>Campanam</strong></span> <span class='ocrx_word' id='word_1_132' title='bbox 1209 2272 1350 2325; x_wconf 89' lang='lat' dir='ltr'><strong>custodum</strong></span> <span class='ocrx_word' id='word_1_133' title='bbox 1378 2283 1541 2341; x_wconf 87' lang='lat' dir='ltr'><strong>sequentem,</strong></span> <span class='ocrx_word' id='word_1_134' title='bbox 1568 2271 1685 2340; x_wconf 87' lang='lat' dir='ltr'><strong>Excepto</strong></span> 
     </span>
     <span class='ocr_line' id='line_1_18' title="bbox 519 2357 1686 2429; baseline 0 -18"><span class='ocrx_word' id='word_1_135' title='bbox 519 2359 626 2412; x_wconf 83' lang='lat' dir='ltr'><strong>banIare</strong></span> <span class='ocrx_word' id='word_1_136' title='bbox 644 2358 688 2412; x_wconf 91' lang='lat' dir='ltr'><strong>uel</strong></span> <span class='ocrx_word' id='word_1_137' title='bbox 707 2357 845 2428; x_wconf 87' lang='lat' dir='ltr'><strong>designare</strong></span> <span class='ocrx_word' id='word_1_138' title='bbox 863 2374 973 2428; x_wconf 89' lang='lat' dir='ltr'><strong>pannos.</strong></span> <span class='ocrx_word' id='word_1_139' title='bbox 992 2359 1026 2412; x_wconf 84' lang='lat' dir='ltr'><strong>Et</strong></span> <span class='ocrx_word' id='word_1_140' title='bbox 1044 2359 1090 2429; x_wconf 89' lang='lat' dir='ltr'><strong>qui</strong></span> <span class='ocrx_word' id='word_1_141' title='bbox 1117 2357 1299 2412; x_wconf 75' lang='lat' dir='ltr'><strong>contrafecerit</strong></span> <span class='ocrx_word' id='word_1_142' title='bbox 1325 2359 1412 2413; x_wconf 88' lang='lat' dir='ltr'><strong>soluat</strong></span> <span class='ocrx_word' id='word_1_143' title='bbox 1439 2375 1487 2428; x_wconf 92' lang='lat' dir='ltr'><strong>pro</strong></span> <span class='ocrx_word' id='word_1_144' title='bbox 1514 2359 1633 2428; x_wconf 85' lang='lat' dir='ltr'><strong>quolibet</strong></span> <span class='ocrx_word' id='word_1_145' title='bbox 1659 2371 1686 2411; x_wconf 91' lang='lat' dir='ltr'><strong>et</strong></span> 
     </span>
     <span class='ocr_line' id='line_1_19' title="bbox 519 2445 1685 2517; baseline 0.001 -18"><span class='ocrx_word' id='word_1_146' title='bbox 519 2445 636 2516; x_wconf 79' lang='lat' dir='ltr'><strong>qualibet</strong></span> <span class='ocrx_word' id='word_1_147' title='bbox 654 2446 713 2499; x_wconf 91' lang='lat' dir='ltr'><strong>uice</strong></span> <span class='ocrx_word' id='word_1_148' title='bbox 731 2445 820 2499; x_wconf 88' lang='lat' dir='ltr'><strong>soldos</strong></span> <span class='ocrx_word' id='word_1_149' title='bbox 838 2445 871 2499; x_wconf 90' lang='lat' dir='ltr'><strong>V.</strong></span> <span class='ocrx_word' id='word_1_150' title='bbox 892 2446 1057 2517; x_wconf 86' lang='lat' dir='ltr'><strong>papiensium</strong></span> <span class='ocrx_word' id='word_1_151' title='bbox 1072 2447 1105 2500; x_wconf 89' lang='lat' dir='ltr'><strong>Et</strong></span> <span class='ocrx_word' id='word_1_152' title='bbox 1115 2447 1167 2500; x_wconf 92' lang='lat' dir='ltr'><strong>hoc</strong></span> <span class='ocrx_word' id='word_1_153' title='bbox 1176 2459 1296 2500; x_wconf 88' lang='lat' dir='ltr'><strong>teneatur</strong></span> <span class='ocrx_word' id='word_1_154' title='bbox 1308 2448 1448 2500; x_wconf 83' lang='lat' dir='ltr'><strong>obseruare</strong></span> <span class='ocrx_word' id='word_1_155' title='bbox 1460 2463 1508 2516; x_wconf 90' lang='lat' dir='ltr'><strong>pro</strong></span> <span class='ocrx_word' id='word_1_156' title='bbox 1520 2459 1685 2500; x_wconf 71' lang='lat' dir='ltr'><strong>sacramento</strong></span> 
     </span>
     <span class='ocr_line' id='line_1_20' title="bbox 518 2533 1624 2605; baseline 0.002 -19"><span class='ocrx_word' id='word_1_157' title='bbox 518 2535 567 2588; x_wconf 92' lang='lat' dir='ltr'><strong>sub</strong></span> <span class='ocrx_word' id='word_1_158' title='bbox 586 2533 675 2588; x_wconf 85' lang='lat' dir='ltr'><strong>bunno</strong></span> <span class='ocrx_word' id='word_1_159' title='bbox 694 2533 818 2604; x_wconf 89' lang='lat' dir='ltr'><strong>predicto.</strong></span> <span class='ocrx_word' id='word_1_160' title='bbox 838 2534 872 2588; x_wconf 85' lang='lat' dir='ltr'><strong>Et</strong></span> <span class='ocrx_word' id='word_1_161' title='bbox 890 2533 1022 2588; x_wconf 81' lang='lat' dir='ltr'><strong>Consules</strong></span> <span class='ocrx_word' id='word_1_162' title='bbox 1040 2535 1141 2605; x_wconf 90' lang='lat' dir='ltr'><strong>possint</strong></span> <span class='ocrx_word' id='word_1_163' title='bbox 1159 2551 1207 2604; x_wconf 90' lang='lat' dir='ltr'><strong>pro</strong></span> <span class='ocrx_word' id='word_1_164' title='bbox 1225 2536 1379 2589; x_wconf 79' lang='lat' dir='ltr'><strong>necessitate</strong></span> <span class='ocrx_word' id='word_1_165' title='bbox 1397 2535 1459 2588; x_wconf 86' lang='lat' dir='ltr'><strong>dare</strong></span> <span class='ocrx_word' id='word_1_166' title='bbox 1478 2534 1624 2588; x_wconf 88' lang='lat' dir='ltr'><strong>licenciam.</strong></span> 
     </span>
    </p>
   </div>
   <div class='ocr_carea' id='block_1_7' title="bbox 450 2673 1687 3347">
    <p class='ocr_par' dir='ltr' id='par_1_7' title="bbox 450 2673 1687 3347">
     <span class='ocr_line' id='line_1_21' title="bbox 554 2673 1686 2745; baseline 0.001 -18"><span class='ocrx_word' id='word_1_167' title='bbox 554 2688 579 2727; x_wconf 85' lang='lat'><strong>2.</strong></span> <span class='ocrx_word' id='word_1_168' title='bbox 596 2674 665 2728; x_wconf 89' lang='lat' dir='ltr'><strong>Item</strong></span> <span class='ocrx_word' id='word_1_169' title='bbox 683 2675 755 2745; x_wconf 91' lang='lat' dir='ltr'><strong>quod</strong></span> <span class='ocrx_word' id='word_1_170' title='bbox 774 2673 863 2728; x_wconf 88' lang='lat' dir='ltr'><strong>nullus</strong></span> <span class='ocrx_word' id='word_1_171' title='bbox 881 2674 971 2728; x_wconf 89' lang='lat' dir='ltr'><strong>Sartor</strong></span> <span class='ocrx_word' id='word_1_172' title='bbox 989 2675 1082 2729; x_wconf 82' lang='lat' dir='ltr'><strong>debeat</strong></span> <span class='ocrx_word' id='word_1_173' title='bbox 1100 2674 1219 2730; x_wconf 85' lang='lat' dir='ltr'><strong>laborare</strong></span> <span class='ocrx_word' id='word_1_174' title='bbox 1233 2691 1283 2728; x_wconf 89' lang='lat' dir='ltr'><strong>uec</strong></span> <span class='ocrx_word' id='word_1_175' title='bbox 1301 2675 1412 2729; x_wconf 72' lang='lat' dir='ltr'><strong>laborari</strong></span> <span class='ocrx_word' id='word_1_176' title='bbox 1432 2674 1516 2728; x_wconf 89' lang='lat' dir='ltr'><strong>facere</strong></span> <span class='ocrx_word' id='word_1_177' title='bbox 1534 2674 1633 2745; x_wconf 78' lang='lat' dir='ltr'><strong>aliquid</strong></span> <span class='ocrx_word' id='word_1_178' title='bbox 1652 2675 1686 2728; x_wconf 88' lang='lat' dir='ltr'><strong>de</strong></span> 
     </span>
     <span class='ocr_line' id='line_1_22' title="bbox 518 2761 1685 2834; baseline 0.002 -20"><span class='ocrx_word' id='word_1_179' title='bbox 518 2761 609 2816; x_wconf 86' lang='lat' dir='ltr'><strong>officio</strong></span> <span class='ocrx_word' id='word_1_180' title='bbox 626 2763 735 2816; x_wconf 89' lang='lat' dir='ltr'><strong>sartorie</strong></span> <span class='ocrx_word' id='word_1_181' title='bbox 754 2762 781 2816; x_wconf 92' lang='lat' dir='ltr'><strong>in</strong></span> <span class='ocrx_word' id='word_1_182' title='bbox 801 2763 888 2833; x_wconf 87' lang='lat' dir='ltr'><strong>aliqua</strong></span> <span class='ocrx_word' id='word_1_183' title='bbox 906 2763 998 2833; x_wconf 81' lang='lat' dir='ltr'><strong>vigilia</strong></span> <span class='ocrx_word' id='word_1_184' title='bbox 1016 2775 1106 2817; x_wconf 87' lang='lat' dir='ltr'><strong>sancte</strong></span> <span class='ocrx_word' id='word_1_185' title='bbox 1124 2763 1206 2816; x_wconf 88' lang='lat' dir='ltr'><strong>Marie</strong></span> <span class='ocrx_word' id='word_1_186' title='bbox 1224 2779 1273 2816; x_wconf 90' lang='lat' dir='ltr'><strong>nec</strong></span> <span class='ocrx_word' id='word_1_187' title='bbox 1292 2763 1350 2817; x_wconf 85' lang='lat' dir='ltr'><strong>XII.</strong></span> <span class='ocrx_word' id='word_1_188' title='bbox 1369 2763 1561 2834; x_wconf 85' lang='lat' dir='ltr'><strong>Apostolorum</strong></span> <span class='ocrx_word' id='word_1_189' title='bbox 1580 2779 1629 2816; x_wconf 90' lang='lat' dir='ltr'><strong>nec</strong></span> <span class='ocrx_word' id='word_1_190' title='bbox 1657 2762 1685 2816; x_wconf 91' lang='lat' dir='ltr'><strong>iu</strong></span> 
     </span>
     <span class='ocr_line' id='line_1_23' title="bbox 518 2849 1686 2921; baseline 0.001 -18"><span class='ocrx_word' id='word_1_191' title='bbox 518 2850 609 2920; x_wconf 90' lang='lat' dir='ltr'><strong>aliquo</strong></span> <span class='ocrx_word' id='word_1_192' title='bbox 627 2850 670 2903; x_wconf 90' lang='lat' dir='ltr'><strong>die</strong></span> <span class='ocrx_word' id='word_1_193' title='bbox 689 2849 795 2903; x_wconf 88' lang='lat' dir='ltr'><strong>Sabbati</strong></span> <span class='ocrx_word' id='word_1_194' title='bbox 813 2852 847 2904; x_wconf 89' lang='lat' dir='ltr'><strong>de</strong></span> <span class='ocrx_word' id='word_1_195' title='bbox 864 2863 943 2904; x_wconf 89' lang='lat' dir='ltr'><strong>nocte</strong></span> <span class='ocrx_word' id='word_1_196' title='bbox 961 2851 1078 2920; x_wconf 83' lang='lat' dir='ltr'><strong>Excepto</strong></span> <span class='ocrx_word' id='word_1_197' title='bbox 1097 2867 1199 2921; x_wconf 90' lang='lat' dir='ltr'><strong>pannos</strong></span> <span class='ocrx_word' id='word_1_198' title='bbox 1218 2851 1381 2920; x_wconf 90' lang='lat' dir='ltr'><strong>Sponsarum</strong></span> <span class='ocrx_word' id='word_1_199' title='bbox 1406 2863 1432 2904; x_wconf 89' lang='lat' dir='ltr'><strong>et</strong></span> <span class='ocrx_word' id='word_1_200' title='bbox 1461 2850 1625 2904; x_wconf 87' lang='lat' dir='ltr'><strong>Romeomm</strong></span> <span class='ocrx_word' id='word_1_201' title='bbox 1652 2851 1686 2904; x_wconf 84' lang='lat' dir='ltr'><strong>Et</strong></span> 
     </span>
     <span class='ocr_line' id='line_1_24' title="bbox 450 2938 1686 3009; baseline -0.001 -17"><span class='ocrx_word' id='word_1_202' title='bbox 450 2939 454 2946; x_wconf 79' lang='grc'><strong>“</strong></span> <span class='ocrx_word' id='word_1_203' title='bbox 518 2951 628 3009; x_wconf 82' lang='lat' dir='ltr'><strong>excepto</strong></span> <span class='ocrx_word' id='word_1_204' title='bbox 646 2938 728 2991; x_wconf 87' lang='lat' dir='ltr'><strong>tn&#39;bus</strong></span> <span class='ocrx_word' id='word_1_205' title='bbox 746 2938 839 2992; x_wconf 89' lang='lat' dir='ltr'><strong>diebus</strong></span> <span class='ocrx_word' id='word_1_206' title='bbox 856 2939 956 2992; x_wconf 88' lang='lat' dir='ltr'><strong>sabbati</strong></span> <span class='ocrx_word' id='word_1_207' title='bbox 975 2951 1037 2992; x_wconf 89' lang='lat' dir='ltr'><strong>ante</strong></span> <span class='ocrx_word' id='word_1_208' title='bbox 1055 2939 1222 2992; x_wconf 85' lang='lat' dir='ltr'><strong>natiuitatem</strong></span> <span class='ocrx_word' id='word_1_209' title='bbox 1241 2939 1344 2992; x_wconf 91' lang='lat' dir='ltr'><strong>domini</strong></span> <span class='ocrx_word' id='word_1_210' title='bbox 1363 2951 1389 2992; x_wconf 89' lang='lat' dir='ltr'><strong>et</strong></span> <span class='ocrx_word' id='word_1_211' title='bbox 1408 2938 1512 2991; x_wconf 91' lang='lat' dir='ltr'><strong>duobus</strong></span> <span class='ocrx_word' id='word_1_212' title='bbox 1530 2951 1592 2992; x_wconf 89' lang='lat' dir='ltr'><strong>ante</strong></span> <span class='ocrx_word' id='word_1_213' title='bbox 1610 2953 1686 3008; x_wconf 73' lang='lat' dir='ltr'><strong>pasca</strong></span> 
     </span>
     <span class='ocr_line' id='line_1_25' title="bbox 518 3025 1686 3098; baseline 0 -18"><span class='ocrx_word' id='word_1_214' title='bbox 518 3027 552 3080; x_wconf 89' lang='lat' dir='ltr'><strong>Et</strong></span> <span class='ocrx_word' id='word_1_215' title='bbox 570 3043 602 3080; x_wconf 87' lang='lat' dir='ltr'><strong>ex</strong></span> <span class='ocrx_word' id='word_1_216' title='bbox 620 3027 683 3080; x_wconf 90' lang='lat' dir='ltr'><strong>inde</strong></span> <span class='ocrx_word' id='word_1_217' title='bbox 700 3025 795 3080; x_wconf 89' lang='lat' dir='ltr'><strong>habeat</strong></span> <span class='ocrx_word' id='word_1_218' title='bbox 813 3027 948 3081; x_wconf 87' lang='lat' dir='ltr'><strong>licentiam</strong></span> <span class='ocrx_word' id='word_1_219' title='bbox 967 3045 982 3080; x_wconf 90' lang='lat' dir='ltr'><strong>a</strong></span> <span class='ocrx_word' id='word_1_220' title='bbox 1000 3027 1171 3082; x_wconf 78' lang='lat' dir='ltr'><strong>Consulibus</strong></span> <span class='ocrx_word' id='word_1_221' title='bbox 1190 3027 1227 3080; x_wconf 74' lang='lat' dir='ltr'><strong>Ee</strong></span> <span class='ocrx_word' id='word_1_222' title='bbox 1241 3028 1286 3098; x_wconf 91' lang='lat' dir='ltr'><strong>qui</strong></span> <span class='ocrx_word' id='word_1_223' title='bbox 1312 3026 1495 3082; x_wconf 70' lang='lat' dir='ltr'><strong>contrafecerit</strong></span> <span class='ocrx_word' id='word_1_224' title='bbox 1521 3025 1607 3080; x_wconf 88' lang='lat' dir='ltr'><strong>soluat</strong></span> <span class='ocrx_word' id='word_1_225' title='bbox 1638 3043 1686 3096; x_wconf 91' lang='lat' dir='ltr'><strong>pro</strong></span> 
     </span>
     <span class='ocr_line' id='line_1_26' title="bbox 519 3113 1687 3186; baseline 0 -18"><span class='ocrx_word' id='word_1_226' title='bbox 519 3115 608 3169; x_wconf 77' lang='lat' dir='ltr'><strong>banno</strong></span> <span class='ocrx_word' id='word_1_227' title='bbox 627 3131 674 3186; x_wconf 88' lang='lat' dir='ltr'><strong>pro</strong></span> <span class='ocrx_word' id='word_1_228' title='bbox 692 3115 811 3185; x_wconf 90' lang='lat' dir='ltr'><strong>quolibet</strong></span> <span class='ocrx_word' id='word_1_229' title='bbox 829 3127 855 3168; x_wconf 87' lang='lat' dir='ltr'><strong>et</strong></span> <span class='ocrx_word' id='word_1_230' title='bbox 873 3115 989 3186; x_wconf 86' lang='lat' dir='ltr'><strong>qualibet</strong></span> <span class='ocrx_word' id='word_1_231' title='bbox 1008 3116 1066 3168; x_wconf 88' lang='lat' dir='ltr'><strong>uice</strong></span> <span class='ocrx_word' id='word_1_232' title='bbox 1084 3115 1185 3168; x_wconf 89' lang='lat' dir='ltr'><strong>solidos</strong></span> <span class='ocrx_word' id='word_1_233' title='bbox 1202 3114 1235 3168; x_wconf 87' lang='lat' dir='ltr'><strong>V.</strong></span> <span class='ocrx_word' id='word_1_234' title='bbox 1256 3115 1429 3185; x_wconf 88' lang='lat' dir='ltr'><strong>papiensium.</strong></span> <span class='ocrx_word' id='word_1_235' title='bbox 1448 3114 1481 3167; x_wconf 89' lang='lat' dir='ltr'><strong>Et</strong></span> <span class='ocrx_word' id='word_1_236' title='bbox 1490 3114 1512 3167; x_wconf 92' lang='lat' dir='ltr'><strong>si</strong></span> <span class='ocrx_word' id='word_1_237' title='bbox 1525 3131 1590 3167; x_wconf 89' lang='lat' dir='ltr'><strong>uero</strong></span> <span class='ocrx_word' id='word_1_238' title='bbox 1599 3113 1687 3185; x_wconf 87' lang='lat' dir='ltr'><strong>aliqua</strong></span> 
     </span>
     <span class='ocr_line' id='line_1_27' title="bbox 519 3201 1687 3274; baseline 0.001 -19"><span class='ocrx_word' id='word_1_239' title='bbox 519 3203 635 3273; x_wconf 89' lang='lat' dir='ltr'><strong>ipsarum</strong></span> <span class='ocrx_word' id='word_1_240' title='bbox 653 3203 805 3274; x_wconf 85' lang='lat' dir='ltr'><strong>vigiliarum</strong></span> <span class='ocrx_word' id='word_1_241' title='bbox 824 3201 902 3257; x_wconf 85' lang='lat' dir='ltr'><strong>suerit</strong></span> <span class='ocrx_word' id='word_1_242' title='bbox 919 3203 963 3257; x_wconf 92' lang='lat' dir='ltr'><strong>die</strong></span> <span class='ocrx_word' id='word_1_243' title='bbox 980 3203 1051 3274; x_wconf 88' lang='lat' dir='ltr'><strong>jouis</strong></span> <span class='ocrx_word' id='word_1_244' title='bbox 1069 3204 1151 3274; x_wconf 89' lang='lat' dir='ltr'><strong>possit</strong></span> <span class='ocrx_word' id='word_1_245' title='bbox 1169 3202 1260 3257; x_wconf 82' lang='lat' dir='ltr'><strong>callare</strong></span> <span class='ocrx_word' id='word_1_246' title='bbox 1278 3203 1401 3257; x_wconf 85' lang='lat' dir='ltr'><strong>habendo</strong></span> <span class='ocrx_word' id='word_1_247' title='bbox 1420 3203 1517 3256; x_wconf 87' lang='lat' dir='ltr'><strong>iustam</strong></span> <span class='ocrx_word' id='word_1_248' title='bbox 1536 3218 1641 3256; x_wconf 80' lang='lat' dir='ltr'><strong>causam</strong></span> <span class='ocrx_word' id='word_1_249' title='bbox 1660 3215 1687 3256; x_wconf 88' lang='lat' dir='ltr'><strong>et</strong></span> 
     </span>
     <span class='ocr_line' id='line_1_28' title="bbox 518 3291 879 3347; baseline 0 -2"><span class='ocrx_word' id='word_1_250' title='bbox 518 3291 658 3346; x_wconf 87' lang='lat' dir='ltr'><strong>licenciam</strong></span> <span class='ocrx_word' id='word_1_251' title='bbox 675 3309 690 3345; x_wconf 89' lang='lat' dir='ltr'><strong>a</strong></span> <span class='ocrx_word' id='word_1_252' title='bbox 709 3291 879 3347; x_wconf 90' lang='lat' dir='ltr'><strong>Consulibus.</strong></span> 
     </span>
    </p>
   </div>
   <div class='ocr_carea' id='block_1_8' title="bbox 519 3429 1688 3752">
    <p class='ocr_par' dir='ltr' id='par_1_8' title="bbox 519 3429 1688 3752">
     <span class='ocr_line' id='line_1_29' title="bbox 556 3429 1684 3504; baseline -0.001 -18"><span class='ocrx_word' id='word_1_253' title='bbox 556 3449 579 3503; x_wconf 85' lang='lat'><strong>3.</strong></span> <span class='ocrx_word' id='word_1_254' title='bbox 597 3433 666 3488; x_wconf 87' lang='lat' dir='ltr'><strong>Item</strong></span> <span class='ocrx_word' id='word_1_255' title='bbox 684 3434 756 3504; x_wconf 91' lang='lat' dir='ltr'><strong>quod</strong></span> <span class='ocrx_word' id='word_1_256' title='bbox 774 3433 796 3486; x_wconf 92' lang='lat' dir='ltr'><strong>si</strong></span> <span class='ocrx_word' id='word_1_257' title='bbox 814 3433 909 3504; x_wconf 84' lang='lat' dir='ltr'><strong>aliquis</strong></span> <span class='ocrx_word' id='word_1_258' title='bbox 928 3433 1094 3487; x_wconf 80' lang='lat' dir='ltr'><strong>banniauerit</strong></span> <span class='ocrx_word' id='word_1_259' title='bbox 1112 3432 1155 3486; x_wconf 92' lang='lat' dir='ltr'><strong>uel</strong></span> <span class='ocrx_word' id='word_1_260' title='bbox 1174 3433 1303 3487; x_wconf 88' lang='lat' dir='ltr'><strong>incisserit</strong></span> <span class='ocrx_word' id='word_1_261' title='bbox 1320 3431 1437 3504; x_wconf 76' lang='lat' dir='ltr'><strong>aliquam</strong></span> <span class='ocrx_word' id='word_1_262' title='bbox 1456 3445 1558 3486; x_wconf 79' lang='lat' dir='ltr'><strong>uestem</strong></span> <span class='ocrx_word' id='word_1_263' title='bbox 1576 3443 1603 3486; x_wconf 87' lang='lat' dir='ltr'><strong>et</strong></span> <span class='ocrx_word' id='word_1_264' title='bbox 1621 3429 1684 3486; x_wconf 90' lang='lat' dir='ltr'><strong>nol-</strong></span> 
     </span>
     <span class='ocr_line' id='line_1_30' title="bbox 519 3519 1688 3592; baseline -0.001 -19"><span class='ocrx_word' id='word_1_265' title='bbox 519 3520 555 3574; x_wconf 88' lang='lat' dir='ltr'><strong>let</strong></span> <span class='ocrx_word' id='word_1_266' title='bbox 572 3537 633 3574; x_wconf 74' lang='lat' dir='ltr'><strong>eum</strong></span> <span class='ocrx_word' id='word_1_267' title='bbox 651 3521 841 3575; x_wconf 89' lang='lat' dir='ltr'><strong>conuenienter</strong></span> <span class='ocrx_word' id='word_1_268' title='bbox 859 3519 944 3574; x_wconf 78' lang='lat' dir='ltr'><strong>fucere</strong></span> <span class='ocrx_word' id='word_1_269' title='bbox 961 3521 1014 3573; x_wconf 90' lang='lat' dir='ltr'><strong>cito</strong></span> <span class='ocrx_word' id='word_1_270' title='bbox 1033 3521 1105 3592; x_wconf 88' lang='lat' dir='ltr'><strong>quod</strong></span> <span class='ocrx_word' id='word_1_271' title='bbox 1124 3520 1255 3574; x_wconf 86' lang='lat' dir='ltr'><strong>Consules</strong></span> <span class='ocrx_word' id='word_1_272' title='bbox 1275 3521 1337 3574; x_wconf 90' lang='lat' dir='ltr'><strong>dicti</strong></span> <span class='ocrx_word' id='word_1_273' title='bbox 1357 3519 1471 3589; x_wconf 79' lang='lat' dir='ltr'><strong>Collegij</strong></span> <span class='ocrx_word' id='word_1_274' title='bbox 1492 3521 1592 3589; x_wconf 89' lang='lat' dir='ltr'><strong>possint</strong></span> <span class='ocrx_word' id='word_1_275' title='bbox 1605 3533 1631 3573; x_wconf 87' lang='lat' dir='ltr'><strong>et</strong></span> <span class='ocrx_word' id='word_1_276' title='bbox 1649 3519 1688 3572; x_wconf 89' lang='lat' dir='ltr'><strong>eis</strong></span> 
     </span>
     <span class='ocr_line' id='line_1_31' title="bbox 519 3606 1685 3680; baseline -0.001 -19"><span class='ocrx_word' id='word_1_277' title='bbox 519 3609 596 3662; x_wconf 90' lang='lat' dir='ltr'><strong>liceat</strong></span> <span class='ocrx_word' id='word_1_278' title='bbox 614 3610 747 3680; x_wconf 89' lang='lat' dir='ltr'><strong>precipere</strong></span> <span class='ocrx_word' id='word_1_279' title='bbox 765 3621 794 3662; x_wconf 92' lang='lat' dir='ltr'><strong>ut</strong></span> <span class='ocrx_word' id='word_1_280' title='bbox 812 3609 897 3680; x_wconf 85' lang='lat' dir='ltr'><strong>ipsam</strong></span> <span class='ocrx_word' id='word_1_281' title='bbox 916 3620 1018 3663; x_wconf 81' lang='lat' dir='ltr'><strong>uestem</strong></span> <span class='ocrx_word' id='word_1_282' title='bbox 1037 3609 1081 3662; x_wconf 87' lang='lat' dir='ltr'><strong>det</strong></span> <span class='ocrx_word' id='word_1_283' title='bbox 1099 3609 1173 3661; x_wconf 86' lang='lat' dir='ltr'><strong>alteri</strong></span> <span class='ocrx_word' id='word_1_284' title='bbox 1202 3609 1235 3661; x_wconf 89' lang='lat' dir='ltr'><strong>de</strong></span> <span class='ocrx_word' id='word_1_285' title='bbox 1262 3608 1386 3677; x_wconf 90' lang='lat' dir='ltr'><strong>Collegio</strong></span> <span class='ocrx_word' id='word_1_286' title='bbox 1414 3609 1446 3661; x_wconf 84' lang='lat' dir='ltr'><strong>ad</strong></span> <span class='ocrx_word' id='word_1_287' title='bbox 1475 3606 1624 3661; x_wconf 91' lang='lat' dir='ltr'><strong>faciendum</strong></span> <span class='ocrx_word' id='word_1_288' title='bbox 1652 3607 1685 3660; x_wconf 77' lang='lat' dir='ltr'><strong>sd</strong></span> 
     </span>
     <span class='ocr_line' id='line_1_32' title="bbox 519 3697 1060 3752; baseline -0.002 -2"><span class='ocrx_word' id='word_1_289' title='bbox 519 3698 687 3752; x_wconf 88' lang='lat' dir='ltr'><strong>uoluntatem</strong></span> <span class='ocrx_word' id='word_1_290' title='bbox 704 3697 776 3750; x_wconf 91' lang='lat' dir='ltr'><strong>illius</strong></span> <span class='ocrx_word' id='word_1_291' title='bbox 794 3697 869 3751; x_wconf 88' lang='lat' dir='ltr'><strong>cuius</strong></span> <span class='ocrx_word' id='word_1_292' title='bbox 887 3709 955 3751; x_wconf 91' lang='lat' dir='ltr'><strong>esset</strong></span> <span class='ocrx_word' id='word_1_293' title='bbox 973 3697 1060 3750; x_wconf 78' lang='lat' dir='ltr'><strong>vestis.</strong></span> 
     </span>
    </p>
   </div>
   <div class='ocr_carea' id='block_1_9' title="bbox 518 3835 1687 4171">
    <p class='ocr_par' dir='ltr' id='par_1_9' title="bbox 518 3835 1687 4171">
     <span class='ocr_line' id='line_1_33' title="bbox 553 3835 1687 3908; baseline -0.001 -17"><span class='ocrx_word' id='word_1_294' title='bbox 553 3853 578 3904; x_wconf 84' lang='grc'><strong>4.</strong></span> <span class='ocrx_word' id='word_1_295' title='bbox 597 3838 666 3892; x_wconf 90' lang='lat' dir='ltr'><strong>Item</strong></span> <span class='ocrx_word' id='word_1_296' title='bbox 684 3837 756 3908; x_wconf 89' lang='lat' dir='ltr'><strong>quod</strong></span> <span class='ocrx_word' id='word_1_297' title='bbox 775 3836 865 3890; x_wconf 90' lang='lat' dir='ltr'><strong>nullus</strong></span> <span class='ocrx_word' id='word_1_298' title='bbox 882 3849 966 3891; x_wconf 90' lang='lat' dir='ltr'><strong>sartor</strong></span> <span class='ocrx_word' id='word_1_299' title='bbox 984 3837 1077 3891; x_wconf 81' lang='lat' dir='ltr'><strong>debeat</strong></span> <span class='ocrx_word' id='word_1_300' title='bbox 1096 3836 1204 3889; x_wconf 88' lang='lat' dir='ltr'><strong>reddere</strong></span> <span class='ocrx_word' id='word_1_301' title='bbox 1230 3835 1334 3906; x_wconf 89' lang='lat' dir='ltr'><strong>aliquos</strong></span> <span class='ocrx_word' id='word_1_302' title='bbox 1361 3851 1463 3906; x_wconf 77' lang='lat' dir='ltr'><strong>pannos</strong></span> <span class='ocrx_word' id='word_1_303' title='bbox 1490 3837 1548 3890; x_wconf 91' lang='lat' dir='ltr'><strong>sine</strong></span> <span class='ocrx_word' id='word_1_304' title='bbox 1578 3835 1687 3890; x_wconf 78' lang='lat' dir='ltr'><strong>licencia</strong></span> 
     </span>
     <span class='ocr_line' id='line_1_34' title="bbox 518 3923 1687 3996; baseline -0.002 -16"><span class='ocrx_word' id='word_1_305' title='bbox 518 3927 630 3996; x_wconf 77' lang='lat' dir='ltr'><strong>drrparij</strong></span> <span class='ocrx_word' id='word_1_306' title='bbox 651 3926 696 3996; x_wconf 91' lang='lat' dir='ltr'><strong>qui</strong></span> <span class='ocrx_word' id='word_1_307' title='bbox 715 3925 915 3980; x_wconf 84' lang='lat' dir='ltr'><strong>comendauen&#39;t</strong></span> <span class='ocrx_word' id='word_1_308' title='bbox 933 3941 1053 3995; x_wconf 88' lang='lat' dir='ltr'><strong>pannum</strong></span> <span class='ocrx_word' id='word_1_309' title='bbox 1071 3924 1105 3978; x_wconf 88' lang='lat' dir='ltr'><strong>Et</strong></span> <span class='ocrx_word' id='word_1_310' title='bbox 1122 3924 1168 3994; x_wconf 86' lang='lat' dir='ltr'><strong>qui</strong></span> <span class='ocrx_word' id='word_1_311' title='bbox 1187 3923 1369 3977; x_wconf 83' lang='lat' dir='ltr'><strong>contrafecerit</strong></span> <span class='ocrx_word' id='word_1_312' title='bbox 1387 3924 1475 3978; x_wconf 81' lang='lat' dir='ltr'><strong>soluat</strong></span> <span class='ocrx_word' id='word_1_313' title='bbox 1492 3941 1540 3994; x_wconf 91' lang='lat' dir='ltr'><strong>pro</strong></span> <span class='ocrx_word' id='word_1_314' title='bbox 1568 3925 1687 3994; x_wconf 89' lang='lat' dir='ltr'><strong>quolibet</strong></span> 
     </span>
     <span class='ocr_line' id='line_1_35' title="bbox 519 4011 1687 4085; baseline -0.004 -17"><span class='ocrx_word' id='word_1_315' title='bbox 519 4027 545 4068; x_wconf 89' lang='lat' dir='ltr'><strong>et</strong></span> <span class='ocrx_word' id='word_1_316' title='bbox 562 4014 679 4085; x_wconf 88' lang='lat' dir='ltr'><strong>qualibet</strong></span> <span class='ocrx_word' id='word_1_317' title='bbox 698 4013 756 4067; x_wconf 92' lang='lat' dir='ltr'><strong>uice</strong></span> <span class='ocrx_word' id='word_1_318' title='bbox 774 4012 873 4067; x_wconf 88' lang='lat' dir='ltr'><strong>solidos</strong></span> <span class='ocrx_word' id='word_1_319' title='bbox 892 4013 924 4066; x_wconf 89' lang='lat' dir='ltr'><strong>V.</strong></span> <span class='ocrx_word' id='word_1_320' title='bbox 944 4013 1110 4084; x_wconf 88' lang='lat' dir='ltr'><strong>papiensium</strong></span> <span class='ocrx_word' id='word_1_321' title='bbox 1129 4012 1161 4065; x_wconf 89' lang='lat' dir='ltr'><strong>Et</strong></span> <span class='ocrx_word' id='word_1_322' title='bbox 1180 4013 1231 4065; x_wconf 91' lang='lat' dir='ltr'><strong>hoc</strong></span> <span class='ocrx_word' id='word_1_323' title='bbox 1249 4011 1413 4082; x_wconf 75' lang='lat' dir='ltr'><strong>intelligutur</strong></span> <span class='ocrx_word' id='word_1_324' title='bbox 1431 4013 1464 4065; x_wconf 91' lang='lat' dir='ltr'><strong>de</strong></span> <span class='ocrx_word' id='word_1_325' title='bbox 1495 4012 1614 4082; x_wconf 90' lang='lat' dir='ltr'><strong>quolibet</strong></span> <span class='ocrx_word' id='word_1_326' title='bbox 1640 4011 1687 4082; x_wconf 88' lang='lat' dir='ltr'><strong>qui</strong></span> 
     </span>
     <span class='ocr_line' id='line_1_36' title="bbox 518 4100 1436 4171; baseline -0.004 -15"><span class='ocrx_word' id='word_1_327' title='bbox 518 4103 628 4156; x_wconf 90' lang='lat' dir='ltr'><strong>soluerit</strong></span> <span class='ocrx_word' id='word_1_328' title='bbox 646 4101 808 4156; x_wconf 87' lang='lat' dir='ltr'><strong>Consulibus</strong></span> <span class='ocrx_word' id='word_1_329' title='bbox 827 4101 965 4156; x_wconf 89' lang='lat' dir='ltr'><strong>Sartorum</strong></span> <span class='ocrx_word' id='word_1_330' title='bbox 985 4101 1171 4156; x_wconf 70' lang='lat' dir='ltr'><strong>consorcium.</strong></span> <span class='ocrx_word' id='word_1_331' title='bbox 1190 4100 1224 4154; x_wconf 88' lang='lat' dir='ltr'><strong>Et</strong></span> <span class='ocrx_word' id='word_1_332' title='bbox 1242 4101 1276 4154; x_wconf 91' lang='lat' dir='ltr'><strong>de</strong></span> <span class='ocrx_word' id='word_1_333' title='bbox 1294 4101 1353 4171; x_wconf 88' lang='lat' dir='ltr'><strong>alijs</strong></span> <span class='ocrx_word' id='word_1_334' title='bbox 1371 4117 1436 4152; x_wconf 88' lang='lat' dir='ltr'><strong>non.</strong></span> 
     </span>
    </p>
   </div>
   <div class='ocr_carea' id='block_1_10' title="bbox 546 4277 1122 4402">
    <p class='ocr_par' dir='ltr' id='par_1_10' title="bbox 546 4277 1122 4402">
     <span class='ocr_line' id='line_1_37' title="bbox 546 4277 1122 4328; baseline -0.005 -11"><span class='ocrx_word' id='word_1_335' title='bbox 546 4277 576 4328; x_wconf 78' lang='lat' dir='ltr'><strong>ft)</strong></span> <span class='ocrx_word' id='word_1_336' title='bbox 592 4277 679 4318; x_wconf 76' lang='lat' dir='ltr'><strong>blomiur</strong></span> <span class='ocrx_word' id='word_1_337' title='bbox 694 4277 842 4326; x_wconf 70' lang='lat' dir='ltr'><strong>desiderantur,</strong></span> <span class='ocrx_word' id='word_1_338' title='bbox 857 4277 916 4317; x_wconf 87' lang='lat' dir='ltr'><strong>locus</strong></span> <span class='ocrx_word' id='word_1_339' title='bbox 931 4289 1007 4316; x_wconf 77' lang='lat' dir='ltr'><strong>uacuus</strong></span> <span class='ocrx_word' id='word_1_340' title='bbox 1022 4285 1122 4328; x_wconf 79' lang='lat' dir='ltr'><strong>superest.</strong></span> 
     </span>
     <span class='ocr_line' id='line_1_38' title="bbox 546 4347 1077 4402; baseline -0.002 -15"><span class='ocrx_word' id='word_1_341' title='bbox 546 4349 577 4402; x_wconf 73' lang='grc' dir='ltr'><strong>(ι)</strong></span> <span class='ocrx_word' id='word_1_342' title='bbox 589 4347 673 4388; x_wconf 79' lang='lat' dir='ltr'><strong>Numeri</strong></span> <span class='ocrx_word' id='word_1_343' title='bbox 688 4349 762 4388; x_wconf 85' lang='lat' dir='ltr'><strong>desunt</strong></span> <span class='ocrx_word' id='word_1_344' title='bbox 777 4349 797 4388; x_wconf 86' lang='lat' dir='ltr'><strong>in</strong></span> <span class='ocrx_word' id='word_1_345' title='bbox 812 4349 892 4398; x_wconf 82' lang='lat' dir='ltr'><strong>codice,</strong></span> <span class='ocrx_word' id='word_1_346' title='bbox 907 4360 946 4389; x_wconf 87' lang='lat' dir='ltr'><strong>nos</strong></span> <span class='ocrx_word' id='word_1_347' title='bbox 960 4348 1077 4398; x_wconf 81' lang='lat' dir='ltr'><strong>adijcimus.</strong></span> 
     </span>
    </p>
   </div>
   <div class='ocr_carea' id='block_1_11' title="bbox 0 0 1966 5554">
    <p class='ocr_par' dir='ltr' id='par_1_11' title="bbox 0 0 1966 5554">
     <span class='ocr_line' id='line_1_39' title="bbox 0 0 1966 5554; baseline 0 0"><span class='ocrx_word' id='word_1_348' title='bbox 0 0 1966 5554; x_wconf 95' lang='lat' dir='ltr'><strong> </strong></span> 
     </span>
    </p>
   </div>
  </div>
 </body>
</html>
