3958 5540
544 801 592 858 DE
611 802 836 859 MOLENDINIS
855 803 903 859 ET
922 803 1051 858 FURNIS
1071 833 1103 844 -
1123 801 1154 856 R.
1174 801 1238 856 XX.

341 1009 399 1066 329.
418 995 552 1050 Statutum
570 997 698 1066 estquod
717 997 850 1067 molinarii
870 997 982 1050 debeant
999 995 1096 1050 habere
1114 1011 1161 1066 pro
1180 994 1295 1050 moltura
1307 995 1340 1050 de
1358 995 1466 1050 sestario

304 1081 382 1136 blaue
399 1084 534 1136 decimum
552 1095 678 1136 octauum
696 1100 795 1154 cupum
814 1096 840 1137 et
858 1085 891 1138 de
909 1101 1008 1136 caneua
1027 1101 1074 1153 pro
1094 1085 1212 1137 batitura.
1232 1084 1265 1138 Et
1274 1084 1307 1137 de
1320 1100 1408 1154 panno
1419 1099 1467 1152 pro

303 1181 423 1239 paratura
435 1170 468 1223 de
480 1170 597 1240 qualibet
608 1173 706 1240 pariete
715 1172 803 1224 denar.
813 1171 897 1225 1111.⁰'
910 1171 952 1242 (t)
965 1185 992 1224 et
1006 1173 1118 1225 debeant
1131 1173 1201 1242 prius
1214 1189 1303 1241 parare
1312 1165 1466 1224 hominibus

303 1257 337 1310 de
355 1256 460 1326 bugella
471 1273 552 1326 quam
566 1257 734 1310 forenssibus.
753 1259 786 1310 Et
795 1259 841 1328 qui
854 1259 1035 1312 contrafecerit
1047 1259 1133 1312 soluat
1146 1260 1263 1311 bannum
1277 1257 1324 1311 sol.
1337 1259 1464 1329 quinque.

303 1359 345 1412 pp.
364 1343 397 1396 Et
415 1344 537 1397 ductores
555 1343 625 1397 bladi
643 1357 783 1398 teneantur
801 1345 918 1414 accipere
936 1345 1044 1398 bladum
1062 1346 1095 1399 ad
1114 1362 1216 1416 pessam
1235 1347 1267 1398 ab
1286 1345 1338 1398 illis
1356 1346 1401 1415 qui
1420 1361 1465 1398 vo·

302 1429 407 1483 luerint.
425 1441 452 1483 et
470 1431 593 1484 reducere
612 1432 676 1484 etsi
695 1432 758 1500 quid
777 1430 899 1485 deficeret
917 1433 1011 1486 ductor
1028 1433 1085 1485 siue
1104 1431 1259 1486 molinarius
1278 1431 1403 1486 restituat
1422 1433 1464 1500 (2)

303 1517 335 1570 Et
353 1517 425 1587 quod
444 1517 477 1570 de
494 1515 642 1572 forensibus
660 1519 761 1588 possint
778 1535 870 1589 capere
889 1520 921 1573 ad
940 1535 1034 1573 eorum
1052 1520 1198 1572 arbitrium.
1217 1519 1260 1589 (2)

339 1689 396 1744 330.
415 1675 482 1728 Item
500 1687 628 1728 statutum
647 1687 686 1729 est
703 1677 775 1745 quod
793 1676 881 1748 aliqua
899 1693 1010 1746 persona
1028 1677 1061 1729 de
1079 1676 1185 1747 bugella
1204 1693 1260 1730 non
1270 1678 1363 1731 debeat
1375 1689 1464 1730 tenere

302 1761 417 1832 aliquam
430 1761 538 1815 fumum
551 1763 579 1815 in
593 1764 698 1832 bugella
711 1764 761 1816 nisi
775 1775 912 1834 copertum
924 1764 957 1817 de
975 1764 1056 1832 cupis.
1070 1765 1103 1816 Et
1121 1765 1166 1834 qui
1185 1763 1365 1818 contrafecerit
1377 1762 1464 1817 soluat

301 1849 420 1902 bannum
438 1849 486 1903 sol.
506 1850 563 1904 XX.
583 1861 610 1904 et
627 1852 720 1906 debeat
738 1866 877 1906 remouere
895 1848 1000 1904 tauolos
1018 1852 1051 1904 de
1070 1851 1230 1920 portucubus
1248 1851 1294 1921 qui
1312 1863 1374 1905 sunt
1385 1867 1464 1922 super

301 1937 418 1992 comuni.
437 1937 617 1993 Incontinenti
635 1940 707 2010 quod
726 1941 800 2010 panis
818 1939 867 1993 erit
884 1940 916 1994 ln
934 1937 1012 1992 fumo
1030 1940 1079 1992 sub
1097 1939 1194 1993 banno.
1213 1937 1261 1992 sol.
1280 1939 1312 1992 IL

338 2113 395 2168 331.
414 2097 457 2167 (3)
476 2097 542 2152 ltem
560 2109 688 2152 statutum
706 2111 745 2152 est
763 2099 834 2169 quod
853 2097 942 2152 nullus
960 2109 1082 2150 menator
1099 2096 1239 2150 axinomm
1252 2097 1308 2150 siue
1321 2097 1463 2150 beatiamm

300 2186 333 2238 de
351 2185 512 2240 molendinis
530 2186 623 2239 debett
641 2186 731 2240 ludere
749 2187 782 2240 ad
801 2187 916 2258 aliquem
935 2186 1028 2240 ludum
1047 2202 1096 2238 nec
1115 2186 1203 2238 bibere
1220 2185 1262 2238 uel
1275 2185 1414 2238 comedere
1432 2185 1463 2237 ln

300 2271 387 2344 aliqua
405 2274 512 2326 taberna
531 2274 564 2326 de
583 2274 695 2344 bugella.
715 2274 747 2327 Et
765 2275 811 2344 qui
829 2271 1010 2326 contrafecerit
1028 2273 1114 2326 soluat
1133 2273 1251 2326 bannum
1271 2289 1318 2342 pro
1345 2271 1463 2343 quolibet

300 2374 326 2414 et
343 2361 459 2434 qualibet
478 2362 534 2415 vice
552 2361 600 2416 sol.
620 2363 745 2434 quinque.
765 2378 807 2433 pp.
826 2373 853 2415 et
880 2361 968 2416 simile
996 2361 1115 2416 bannum
1140 2361 1229 2433 quiei
1257 2361 1357 2415 dederit
1376 2360 1463 2414 bibere

301 2449 343 2504 uel
362 2451 509 2504 comedere.

337 2622 394 2678 332.
413 2609 480 2662 Item
499 2620 627 2662 statutum
647 2619 686 2662 est
705 2609 776 2678 quod
795 2624 890 2662 omnes
909 2619 936 2661 et
953 2607 1051 2678 singuli
1064 2617 1183 2660 tenentes
1195 2618 1222 2660 et
1233 2605 1360 2660 habentes
1372 2605 1463 2660 fumos

299 2695 326 2748 in
346 2695 451 2766 bugella
463 2709 489 2749 et
502 2709 600 2750 stantes
613 2709 639 2749 et
652 2695 799 2749 habitantes
818 2696 848 2748 ln
868 2695 993 2749 domibus
1012 2697 1039 2750 in
1062 2695 1157 2765 quibus
1175 2705 1237 2748 sunt
1254 2693 1324 2747 fumi
1336 2705 1391 2747 tam
1409 2710 1463 2747 ma·

299 2783 364 2836 sculi
382 2799 463 2852 quam
482 2781 581 2836 femine
600 2783 713 2837 maiores
733 2795 831 2836 tamen.
850 2783 908 2836 xit.
927 2799 1060 2835 annorum
1078 2783 1191 2836 debcant
1209 2781 1296 2834 lutare
1313 2781 1463 2834 saluitatem

300 2870 333 2923 de
350 2871 428 2923 rebus
445 2887 497 2942 que
516 2872 674 2940 pemeniunt
692 2873 724 2924 ad
743 2887 837 2923 eorum
856 2869 947 2923 furnos
965 2869 1043 2922 lnfra.
1062 2869 1120 2924 XV.
1134 2871 1189 2923 dies
1207 2881 1266 2938 post
1275 2867 1371 2922 festum
1380 2867 1462 2921 sancti

301 2957 414 3010 Martini.
425 2969 451 3010 et
469 2959 514 3027 qui
533 2974 588 3010 non
607 2959 736 3011 iurauerit
753 2959 785 3012 ad
805 2959 905 3011 dictum
924 2957 1069 3010 terminum
1088 2957 1174 3010 soluat
1187 2958 1305 3010 bannum
1318 2956 1366 3010 sol.
1378 2956 1412 3010 X.
1420 2973 1462 3026 pp.

300 3057 325 3096 et
344 3061 391 3114 pro
409 3044 526 3114 qualibet
544 3046 674 3098 edomada
693 3062 744 3116 qua
763 3045 863 3098 steterit
881 3045 952 3114 quod
966 3063 1020 3098 non
1035 3045 1162 3097 iurauerit
1176 3057 1201 3097 et
1211 3045 1320 3114 quilibet
1334 3043 1463 3096 sornatius

299 3132 356 3185 siue
375 3131 487 3186 fomaria
515 3134 608 3186 debeat
636 3133 746 3186 cochere
772 3150 867 3204 panem
896 3132 1006 3203 quilibet
1034 3132 1106 3185 danti
1134 3131 1264 3184 fomatem
1283 3131 1349 3184 sicut
1367 3131 1411 3202 alij
1432 3131 1461 3185 ln

300 3221 388 3274 banno
407 3221 454 3274 sol.
474 3221 531 3274 XX.
551 3237 592 3292 pp.

337 3393 394 3446 333.
414 3377 457 3446 (4)
476 3378 542 3431 Item
561 3391 687 3432 statutum
706 3391 744 3431 est
763 3379 834 3448 quod
855 3378 941 3447 aliqua
973 3395 1082 3448 persona
1102 3378 1135 3430 de
1162 3376 1266 3443 bugella
1285 3393 1339 3428 non
1368 3377 1462 3428 audeat

299 3481 347 3518 nec
366 3479 499 3536 presumat
517 3478 606 3518 tenere
624 3467 714 3534 ignem
734 3467 761 3518 in
781 3467 870 3536 aliquo
889 3468 996 3518 cribano
1016 3465 1085 3534 plani
1106 3465 1209 3530 bugelle
1229 3477 1287 3534 post
1305 3481 1460 3532 campanam

299 3553 438 3605 custodum
458 3569 509 3622 que
527 3553 644 3623 pulsatur
661 3555 688 3605 in
708 3570 766 3604 sero
785 3569 868 3622 usque
886 3553 917 3604 ad
937 3569 1091 3620 campanam
1121 3569 1239 3618 grossam
1267 3569 1318 3621 que
1345 3551 1462 3620 pulsatur

299 3639 331 3691 ad
350 3641 502 3692 matutinos.
522 3639 604 3692 sancti
623 3641 750 3708 stephani.
771 3657 819 3692 nec
838 3653 957 3708 tempore
985 3651 1135 3690 uentorum.
1155 3639 1187 3690 Et
1205 3639 1250 3707 qui
1280 3637 1461 3690 contrafecerit

299 3726 385 3779 soluat
403 3743 450 3797 pro
469 3727 586 3796 quolibet
605 3739 630 3779 et
649 3728 764 3796 qualibet
783 3728 840 3780 sice
857 3727 905 3780 sol.
925 3725 981 3778 xit
1002 3742 1043 3795 pp.
1062 3737 1088 3777 et
1107 3725 1151 3776 ille
1170 3726 1215 3795 qui
1235 3724 1329 3778 faceret
1359 3724 1459 3795 quoqui

298 3830 402 3883 panern.
421 3812 460 3866 sol
479 3813 511 3866 lt
530 3830 572 3883 pp.
603 3825 628 3866 ct
646 3815 757 3882 quilibet
784 3813 865 3883 possit
892 3829 1013 3865 accusare
1041 3811 1127 3882 palam
1156 3825 1181 3864 et
1212 3813 1336 3882 priuatim
1366 3813 1461 3865 habeat

299 3917 374 3954 suam
394 3913 494 3972 partem
513 3901 601 3955 banni.

325 4095 352 4142 ft)
369 4094 449 4134 Denrrii
465 4093 511 4133 ΝΜ
526 4095 634 4146 posterius.
649 4103 668 4132 et
684 4093 730 4132 loco
745 4092 770 4132 ll.
786 4093 913 4132 denariorum
929 4103 986 4132 antea
1001 4101 1131 4140 statutorum,
1147 4093 1216 4144 scripti
1232 4091 1294 4131 fuere.

326 4169 354 4212 (t)
371 4167 398 4211 (a)
414 4165 507 4213 Adiectio
522 4173 629 4214 postenor.

327 4235 354 4282 (ς)
366 4233 425 4285 Juxta
440 4246 483 4286 cap.
499 4233 538 4272 boc
554 4235 649 4284 scriptum
665 4243 709 4272 cst:
728 4233 794 4270 Facu.

327 4305 355 4354 (4)
370 4303 422 4344 can
436 4303 475 4343 boc
490 4313 532 4342 tum
547 4303 672 4356 subsequens
687 4316 730 4356 cap.
747 4303 865 4356 posterioris
881 4312 928 4343 runt
942 4305 994 4354 aeri,
1010 4305 1138 4359 minimisque
1153 4305 1217 4348 literis
1232 4307 1343 4350 initialibus
1357 4317 1432 4350 urent.
