3926 5542
536 467 585 525 166

533 605 561 646 et
580 593 756 663 peticionibus
773 593 874 664 scriptis
892 605 918 646 et
936 591 1004 648 datis
1022 593 1128 647 notario
1146 593 1262 663 predicto
1280 591 1423 646 sindicants
1440 606 1468 646 et
1496 593 1637 664 propositis
1655 611 1702 664 per

534 681 622 750 ipsum
641 681 774 734 sindicum
794 681 940 752 dequibus
960 693 1078 750 petentes
1097 697 1144 734 seu
1162 681 1328 752 querelantes
1345 697 1401 734 non
1421 681 1640 734 concordauerint
1652 698 1702 736 co-

532 781 643 838 gnoscat
660 779 687 822 et
704 769 807 822 decidat
824 785 854 822 ac
873 769 1031 823 determinet
1049 785 1079 822 cc
1097 785 1258 838 cognoscere
1276 769 1396 822 decidere
1414 785 1444 822 ac
1462 769 1640 822 determinare
1657 783 1701 822 te-

533 867 627 908 neatur
645 868 672 909 et
688 856 783 910 debeat
801 855 869 910 iufra
888 857 1035 910 terminum
1055 857 1084 908 in
1103 856 1174 909 dicto
1192 867 1290 909 statuto
1310 867 1466 908 contentum
1480 857 1643 910 absoluendo
1661 857 1703 910 vel

533 943 764 1012 condampnando,
782 943 816 997 Et
834 943 886 997 hoc
904 944 954 997 sub
973 961 1041 1014 pena
1060 943 1155 1014 periurj
1176 954 1202 996 et
1220 941 1329 996 insamie
1347 959 1378 996 ac
1393 943 1526 996 librarum.
1541 943 1569 995 L.
1583 943 1704 1013 imperia·

533 1029 599 1084 lium
619 1047 667 1100 pro
685 1031 804 1102 quolibet
822 1032 941 1101 ipsorum
961 1031 1056 1084 sindici
1074 1031 1170 1100 judicis
1187 1029 1330 1084 sindicatns
1347 1042 1375 1082 et
1391 1030 1486 1100 notarij
1500 1029 1704 1084 contrafacieute

534 1115 701 1190 iu'quolibet
718 1119 848 1173 sindicatu
867 1119 917 1189 ipsi
929 1119 1047 1172 sindicus
1059 1131 1086 1171 et
1097 1119 1216 1172 notanus
1233 1119 1373 1171 obseruare
1386 1129 1532 1171 teneantur.
1552 1158 1559 1170 .
1579 1157 1585 1170 .
1596 1119 1639 1186 (1)
1651 1135 1704 1189 que

532 1205 591 1258 talis
610 1222 722 1277 persona
739 1207 776 1260 sic
794 1205 984 1260 contrafaciens
996 1205 1100 1259 exclusa
1110 1217 1136 1258 et
1154 1205 1256 1276 priuata
1274 1205 1307 1258 ad
1327 1205 1403 1258 omni
1422 1203 1512 1258 officio
1530 1204 1659 1258 beneficio
1676 1217 1704 1259 et

532 1293 696 1363 protectione
714 1294 837 1347 comunis
856 1293 960 1364 bugelle
978 1305 1005 1346 ct
1023 1292 1072 1346 sibi
1091 1308 1146 1346 non
1166 1293 1289 1346 reddatur
1307 1293 1350 1362 jus
1369 1293 1397 1344 in
1417 1291 1489 1361 ciuilj
1509 1308 1558 1344 nec
1576 1291 1604 1344 in
1617 1293 1704 1346 crimi-

533 1380 587 1452 nalj
608 1398 653 1451 per
671 1382 763 1434 decem
782 1397 875 1434 annos.
893 1383 950 1434 Nec
963 1381 1045 1450 possit
1059 1381 1114 1450 ipse
1128 1380 1174 1450 qui
1188 1392 1252 1433 tunc
1263 1391 1293 1432 vt
1304 1397 1381 1450 supra
1399 1381 1514 1433 extiterit
1529 1391 1642 1451 potestas
1653 1397 1703 1434 nec

533 1468 629 1538 aliquis
646 1487 679 1522 ex
697 1469 754 1522 eius
772 1468 929 1522 officialibus
947 1468 1069 1538 predictis
1087 1467 1115 1521 in
1135 1467 1207 1522 dicto
1237 1467 1327 1521 officio
1355 1467 1496 1537 potestarie
1523 1467 1631 1536 predicti
1650 1467 1703 1522 loci

532 1555 638 1626 bugellc
656 1554 789 1608 licenciari
808 1556 859 1609 nisi
878 1573 925 1626 per
942 1555 1108 1608 credentiam
1120 1555 1273 1626 generalem
1286 1555 1395 1624 predicti
1407 1554 1460 1608 loci
1473 1553 1542 1608 lacto
1554 1567 1581 1608 et
1592 1556 1703 1609 obtento

529 1642 626 1714 partito
621 1659 690 1720 jer
707 1654 759 1697 tres
776 1655 862 1714 partes
880 1643 949 1697 dicte
967 1643 1104 1696 credencie
1121 1643 1154 1696 ad
1173 1641 1245 1720 fabas
1263 1643 1335 1696 albas
1352 1655 1379 1695 et
1396 1643 1493 1712 nigras
1513 1641 1597 1706 Quod
1608 1642 1631 1696 si
1644 1643 1701 1712 ipse

530 1731 576 1800 qui
594 1742 658 1784 tunc
675 1731 790 1785 extiterit
806 1731 835 1784 in
854 1731 925 1784 dicto
943 1729 1032 1785 officio
1050 1731 1191 1801 potestarie
1209 1731 1310 1784 eteius
1328 1730 1495 1801 suprascripti
1513 1729 1632 1800 officiarii
1652 1745 1701 1784 seu

530 1817 662 1890 familiarii
682 1831 728 1872 aut
745 1819 840 1890 aliquis
859 1835 953 1872 eorum
971 1837 986 1872 a
1004 1819 1076 1872 dicto
1096 1818 1155 1873 loco
1174 1835 1202 1872 se
1220 1819 1278 1872 sine
1295 1817 1365 1872 dicta
1396 1817 1506 1871 licencia
1524 1818 1702 1872 absentauerit

530 1919 556 1958 et
574 1906 707 1960 disceserit
726 1921 771 1960 aut
789 1907 816 1960 in
836 1908 969 1978 premissis
987 1923 1033 1960 seu
1052 1907 1245 1976 premissorum
1273 1906 1365 1976 aliquo
1392 1921 1438 1959 seu
1466 1917 1654 1958 contentorum
1672 1905 1700 1958 in

530 1995 605 2047 dictis
623 1995 726 2047 statutis
746 1996 927 2048 contrafecerit
945 1996 998 2048 sint
1017 1996 1075 2064 ipso
1102 1993 1171 2047 iacto
1200 1993 1296 2064 periurj
1325 2005 1352 2046 et
1370 1991 1483 2046 infames
1509 2005 1536 2046 et
1562 2007 1700 2062 uunquam

530 2081 631 2150 possint
649 2083 677 2134 in
698 2081 759 2134 loco
778 2083 883 2152 bugelle
902 2081 1022 2136 officium
1040 2082 1148 2152 aliquod
1168 2098 1296 2134 exercere.
1315 2080 1349 2134 Et
1366 2081 1389 2134 si
1407 2097 1458 2152 qua
1477 2097 1589 2150 persona
1607 2079 1701 2134 dixerit

529 2185 575 2221 seu
594 2170 756 2239 preposuerit
774 2181 819 2222 aut
837 2171 1003 2240 arengauerit
1022 2171 1093 2240 quod
1112 2171 1168 2239 ipse
1186 2170 1232 2240 qui
1251 2181 1314 2221 tunc
1332 2168 1446 2222 extiterit
1464 2179 1579 2237 potestas
1591 2167 1700 2236 bugelle

529 2268 574 2309 aut
592 2257 687 2328 aliquis
705 2275 737 2310 ex
756 2259 935 2327 suprascriptis
953 2258 1009 2310 eius
1028 2257 1162 2328 officiarijs
1179 2268 1226 2310 aut
1243 2255 1415 2309 familiaribus
1443 2255 1596 2310 licencietur
1613 2256 1647 2309 dc
1664 2273 1701 2309 re

532 2345 653 2397 cedendo
671 2362 686 2398 a
705 2346 775 2398 dicto
795 2345 855 2398 loco
873 2359 964 2398 contra
992 2341 1105 2398 sormam
1133 2345 1288 2416 premissam
1316 2357 1361 2398 aut
1388 2360 1436 2414 pro
1463 2343 1526 2414 ipsis
1553 2361 1599 2396 seu
1617 2343 1701 2397 altero

531 2431 650 2501 ipsorum
669 2431 825 2485 fideiusserit
844 2445 889 2486 aut
907 2449 935 2485 se
953 2431 1112 2502 obligauerit
1129 2445 1175 2486 aut
1202 2433 1321 2503 obligare
1348 2431 1415 2484 velle
1442 2449 1471 2485 se
1503 2431 1597 2484 dixerit
1615 2431 1701 2484 donec

530 2534 610 2588 super
628 2519 691 2588 ipsis
709 2519 821 2589 querelis
840 2537 886 2574 seu
905 2521 1080 2590 peticionibus
1098 2533 1188 2574 contra
1206 2521 1294 2590 ipsum
1313 2520 1380 2573 datis
1398 2518 1467 2572 clare
1484 2537 1531 2589 per
1547 2519 1635 2590 ipsum
1654 2521 1700 2590 ju-

530 2605 617 2658 dicem
636 2605 827 2660 sindicatorum
846 2609 1052 2676 pronunciatum
1071 2608 1149 2661 suerit
1167 2608 1331 2661 absoluendo
1349 2607 1391 2659 vel
1411 2607 1634 2676 condempnando
1654 2623 1701 2660 eos

530 2705 557 2744 et
574 2694 683 2746 sensatis
702 2694 778 2747 dictis
796 2706 894 2747 statuto
912 2707 939 2748 et
957 2695 1069 2764 presenti
1088 2696 1210 2749 adicione
1222 2695 1328 2748 easdem
1341 2711 1421 2764 penas
1433 2695 1548 2747 incurrat
1561 2705 1588 2748 et
1603 2711 1634 2748 ea
1646 2710 1700 2763 pre·

528 2779 626 2850 uilegin
644 2782 737 2834 amitat
754 2794 781 2835 et
792 2781 845 2836 illis
857 2782 991 2852 beneficijs
1004 2783 1121 2852 priuetur
1132 2800 1197 2854 quas
1210 2799 1289 2854 penas
1303 2782 1448 2835 incurreret
1459 2793 1485 2834 ct
1497 2799 1549 2852 que
1562 2781 1700 2852 priuilegia

533 2868 654 2921 amiteret
672 2881 698 2922 et
716 2869 812 2940 quibus
831 2869 967 2940 beneficiis
985 2871 1132 2941 priunretur
1149 2871 1264 2925 sindicus
1282 2883 1328 2924 aut
1346 2871 1426 2941 juder
1439 2871 1582 2923 sindicatus
1593 2881 1642 2924 aut
1652 2885 1700 2923 no·

531 2954 611 3009 tnrius
629 2956 773 3010 sindicatns
791 2958 957 3029 suprascripti
976 2959 998 3012 si
1016 2958 1217 3012 contrafecerint
1235 2960 1262 3011 in
1282 2959 1423 3030 premissis.
1436 2957 1591 3011 Tenmntur
1608 2969 1699 3012 tamen

528 3072 535 3086 ·
559 3083 565 3097 .
585 3083 592 3096 .
611 3083 618 3097 .
638 3045 699 3114 .(2)
718 3061 771 3116 que
789 3045 852 3100 dicti
870 3045 986 3100 sindicus
1005 3047 1084 3117 judex
1103 3059 1129 3099 et
1147 3047 1265 3100 notarius
1284 3046 1352 3100 dicte
1370 3046 1508 3099 credencie
1525 3045 1553 3098 in
1573 3061 1624 3116 qua
1643 3043 1699 3098 ficri

535 3132 640 3186 debebit
658 3132 746 3203 ipsum
765 3135 889 3204 paru'tum
908 3135 1033 3188 interesse
1051 3151 1145 3188 eorum
1163 3137 1314 3204 juramento
1342 3135 1406 3188 alins
1425 3151 1480 3186 non
1509 3133 1555 3187 fiat
1573 3132 1714 3203 partitum·

532 3218 566 3274 Et
583 3237 689 3290 presens
701 3233 829 3276 statutum
842 3224 876 3276 sit
888 3224 1031 3276 trunchum
1044 3237 1070 3278 et
1083 3224 1212 3294 precisum
1231 3223 1270 3276 lta
1288 3223 1361 3292 quod
1379 3223 1413 3274 de
1431 3238 1463 3274 eo
1475 3237 1531 3274 uon
1545 3221 1628 3291 possit
1645 3221 1699 3290 peti

535 3306 646 3361 licencia
665 3327 751 3379 neque
770 3311 825 3364 dari
852 3311 886 3364 Et
914 3311 1017 3382 legatur
1043 3329 1089 3381 per
1115 3312 1250 3366 notarium
1268 3309 1372 3381 justicie
1390 3311 1417 3362 in
1437 3310 1582 3363 Credencia
1599 3309 1698 3379 inqua

533 3397 630 3448 dantur
647 3398 737 3451 breuia
756 3399 899 3451 sindicatns
927 3417 979 3452 vna
1009 3416 1070 3452 curn
1098 3400 1169 3453 dicto
1188 3412 1285 3452 statuto
1303 3399 1337 3452 de
1363 3415 1417 3469 quo
1448 3413 1525 3467 supra
1543 3397 1573 3450 fit
1591 3397 1698 3450 mencio

528 3483 617 3545 Quod
636 3497 763 3538 statutum
782 3502 837 3556 quo
856 3487 888 3538 ad
907 3486 959 3540 alia
977 3500 1084 3541 maneat
1101 3487 1130 3540 in
1148 3488 1274 3540 omnibus
1293 3499 1319 3540 et
1345 3503 1392 3556 per
1409 3485 1501 3538 omnia
1528 3486 1696 3538 obstiturum

530 3584 609 3641 atque
627 3571 743 3626 firmum

567 3761 589 3815 5.
608 3747 677 3801 Item
698 3747 853 3803 Statuerum
871 3763 898 3802 et
910 3750 1100 3804 ordinauerunt
1113 3751 1269 3804 addiciendo
1280 3765 1358 3820 super
1369 3759 1467 3803 statuto
1478 3749 1512 3802 de
1524 3746 1696 3802 sindicatione

529 3836 667 3905 potestatis
686 3838 759 3907 quod
777 3855 823 3907 per
841 3837 900 3891 XV.
921 3839 977 3892 dies
994 3839 1130 3910 proximos
1148 3852 1206 3910 post
1225 3840 1325 3892 exitum
1344 3837 1481 3916 regiminis
1500 3837 1634 3906 potestatis
1651 3837 1697 3889 bu·

523 3923 594 3992 gelle
613 3923 676 3993 lpse
695 3938 809 3995 potestas
826 3942 888 3980 cum
907 3927 964 3981 eius
981 3928 1069 3998 judice
1087 3927 1173 3980 milite
1191 3939 1217 3979 et
1235 3925 1335 3979 familia
1354 3941 1383 3977 ac
1402 3924 1527 3978 Clanario
1539 3935 1697 3978 teneaturet

522 4011 615 4064 debent
633 4024 701 4066 stare
718 4014 752 4067 ad
770 4013 839 4067 sindi
845 4025 935 4069 catum
948 4015 981 4068 Et
994 4015 1110 4086 quelibet
1122 4031 1233 4086 persona
1245 4013 1326 4085 possit
1338 4011 1406 4065 infra
1418 4024 1480 4066 octo
1492 4014 1548 4066 dies
1561 4013 1696 4082 proximos

551 4223 579 4274 (r)
595 4219 625 4262 Ibi
641 4221 710 4264 charta
723 4235 814 4275 corroso,
829 4235 917 4267 attamen
932 4235 985 4266 certe
999 4224 1109 4280 legendum
1123 4228 1187 4280 suque.

547 4295 576 4348 (ι)
594 4293 664 4335 Locus
679 4307 791 4336 corrosus:
806 4296 877 4337 lamen
891 4295 1003 4350 legendum
1018 4311 1091 4350 quoque.
