3918 5554
1363 549 1412 607 261

222 673 229 680 “
252 679 494 749 quocienscumque
512 679 569 748 iret,
588 678 665 742 dicta,
684 677 803 732 ordinata
823 690 849 731 et
867 687 996 749 precepto,
1015 689 1040 732 et
1059 676 1128 730 dicte
1146 676 1238 730 omnin
1256 693 1271 730 a
1289 691 1339 729 suo
1350 673 1418 728 Col-

252 767 324 837 legio
342 778 368 819 et
387 766 571 836 responsiones
589 765 669 820 tactas
686 783 702 820 ct
719 781 769 819 suo
788 765 912 836 Collegio
930 766 959 819 in
977 765 1047 820 dicte
1065 765 1218 820 Credencit.

289 920 330 976 26.
349 923 417 976 Item
435 923 507 993 quod
525 922 588 977 dicti
607 921 736 977 Textores
755 935 894 976 tenuentur
911 935 939 976 et
955 922 1068 977 debetne
1086 921 1170 976 fecere
1188 931 1309 991 sumptus
1336 919 1420 989 sepul-

253 1021 311 1064 ture
329 1009 440 1064 alicuius
458 1011 492 1064 de
510 1010 582 1065 dicto
601 1010 725 1082 Collegio
743 1011 788 1082 qui
807 1011 841 1064 de
859 1011 910 1064 boc
929 1010 1019 1065 seculo
1037 1011 1173 1066 decederet
1191 1009 1212 1064 si
1242 1025 1297 1063 non
1325 1007 1419 1078 reperi-

253 1110 323 1152 retur
341 1099 374 1152 de
391 1115 442 1154 suo
460 1099 529 1154 vnde
548 1111 654 1170 possent
674 1098 730 1153 fieri
750 1099 867 1170 predicte
885 1115 1007 1172 exputse.

289 1271 331 1326 27.
350 1255 417 1310 ltem
436 1247 510 1328 quod
527 1257 658 1312 Consules
673 1270 812 1312 tenecntur
824 1257 922 1330 eligere
934 1270 1048 1330 quotuor
1060 1259 1093 1312 de
1106 1255 1260 1312 melioribus
1272 1267 1298 1310 et
1310 1257 1417 1328 snpien-

252 1343 364 1398 tioribus
382 1345 446 1399 dicti
464 1345 579 1418 Collegij
600 1346 682 1400 semel
701 1347 729 1400 in
748 1361 820 1400 anno
838 1347 871 1400 nd
890 1347 1004 1418 predicta
1026 1357 1122 1401 statute
1140 1345 1317 1400 examinando
1335 1357 1360 1398 et
1379 1363 1416 1398 re·

253 1431 390 1486 formando
403 1433 437 1486 sd
449 1435 581 1488 honorem
591 1445 617 1487 et
629 1433 770 1488 utilitatem
782 1434 914 1489 Comunis
927 1435 1036 1506 Bngelle
1048 1448 1074 1489 et
1086 1435 1148 1488 dicti
1160 1433 1286 1504 Collegij,
1297 1433 1420 1486 habendo

254 1520 365 1590 quilibet
382 1523 428 1592 qui
447 1521 527 1576 fuerit
544 1522 578 1576 nd
597 1522 792 1576 meliorandum
812 1523 880 1576 dicte
898 1535 994 1577 statuta
1021 1523 1143 1577 denarios
1170 1523 1228 1576 XII.
1247 1522 1280 1575 Et
1298 1521 1353 1592 ipsa
1372 1533 1421 1576 stn-

256 1618 312 1660 tuta
331 1608 415 1662 lacere
433 1607 486 1680 legi
504 1609 532 1662 in
551 1609 631 1680 pleno
649 1609 774 1681 Collegio
792 1623 853 1664 unte
871 1610 967 1664 festum
986 1611 1068 1664 sancti
1093 1611 1207 1664 Andree

290 1749 331 1802 28.
351 1749 421 1804 Item
439 1751 511 1822 quod
530 1749 576 1804 ille
593 1751 639 1822 qui
658 1749 736 1806 luerit
763 1752 866 1806 rebellis
884 1753 955 1806 dicto
983 1751 1107 1822 Collegio
1125 1751 1212 1806 solunt
1230 1753 1349 1806 bannum
1368 1767 1415 1822 pro

255 1837 371 1906 qualibet
389 1838 456 1902 uice,
475 1837 622 1894 solidorum
651 1839 684 1892 V.
713 1840 885 1910 papiensium,
916 1840 1038 1895 videlicet
1065 1858 1112 1912 pro
1136 1840 1253 1912 qualibet
1271 1841 1418 1912 edogntndn

257 1941 309 1994 qun
327 1925 427 1978 steterit
446 1926 549 1996 rebelljs
567 1927 639 1980 dicto
658 1927 789 1998 Collegio.

294 2083 335 2138 29.
356 2069 422 2122 ltem
441 2069 684 2140 quocienscumque
702 2069 903 2124 Credencicrius
928 2073 1116 2128 conuocauerit
1143 2072 1259 2144 aliquem
1287 2071 1369 2126 ulium
1387 2073 1421 2124 de

254 2173 304 2210 suo
323 2155 446 2228 Collegio
463 2157 492 2211 in
512 2157 657 2212 Credencit
675 2170 701 2212 et
720 2161 806 2230 ipsum
825 2159 927 2214 duxerit
945 2161 977 2214 nd
1002 2161 1167 2214 credencism
1186 2160 1281 2214 habent
1299 2161 1420 2214 densrios

256 2243 320 2299 ΧΠ.
340 2261 387 2314 pro
405 2245 521 2317 qualibet
541 2247 606 2300 uice.

294 2403 334 2457 30.
353 2387 420 2442 ltem
439 2389 461 2441 si
480 2387 557 2443 luerit
575 2387 669 2460 aliquis
688 2389 721 2442 de
739 2388 864 2459 Collegio
881 2389 927 2460 qui
946 2389 1040 2444 dixerit
1058 2389 1174 2462 aliquam
1186 2389 1324 2444 villeninut
1342 2389 1421 2444 alicui

260 2473 372 2529 Consuli
391 2475 424 2529 de
442 2476 514 2530 dicto
532 2475 656 2546 Collegio
675 2478 732 2530 siue
750 2477 875 2548 jniurinm
889 2479 1019 2532 exercenti
1032 2494 1081 2532 suo
1094 2477 1184 2532 officio
1195 2477 1288 2532 Solust
1300 2479 1419 2532 bennum

260 2580 308 2633 pro
326 2563 444 2633 quolibet
462 2577 488 2617 et
507 2563 623 2634 quelibet
641 2564 699 2617 uice
717 2563 871 2618 Solidontm
885 2565 1002 2636 quinque
1014 2567 1180 2636 papiensium
1193 2566 1227 2620 de
1239 2565 1334 2637 quibus
1347 2565 1420 2620 nulls

261 2651 343 2720 possit
361 2649 417 2703 lieri
435 2651 530 2721 gracie.
550 2651 621 2704 Etsi
640 2653 699 2722 quis
719 2653 820 2722 petierit
839 2655 954 2720 graciam
973 2655 1006 2706 de
1018 2655 1090 2706 dicto
1103 2654 1192 2708 banno
1204 2653 1290 2708 soluat
1303 2655 1420 2708 bennum

263 2754 310 2808 pro
328 2736 447 2808 quolibet
465 2749 491 2792 et
509 2737 625 2809 qualibet
644 2739 703 2792 uice
721 2739 874 2794 Solidorum
895 2740 926 2794 ll.
946 2741 1119 2810 papiensium.

296 2892 335 2946 3¹·
355 2877 422 2931 Item
441 2879 462 2931 si
482 2876 576 2949 aliquis
595 2878 697 2932 Consul
716 2879 749 2932 de
768 2879 825 2950 ipso
844 2879 970 2950 Collegio
997 2879 1039 2934 uel
1059 2881 1124 2935 alter
1141 2881 1258 2934 sindicus
1276 2879 1354 2936 luen't
1372 2897 1418 2934 oc·
1458 2881 1462 2890 ’

259 2979 372 3030 cunctus,
390 2967 564 3020 denunciatus
583 2967 626 3020 uel
644 2968 719 3022 aliter
736 2981 902 3039 noncupatus
921 2985 968 3038 pro
996 2985 1045 3023 suo
1072 2968 1162 3022 officio
1183 2970 1329 3023 exercendo
1348 2970 1420 3041 quod

257 3055 357 3108 dictum
377 3053 530 3126 Collegium
549 3055 635 3126 ipsum
654 3056 747 3109 debent
765 3056 911 3109 substinere
929 3069 955 3109 et
974 3055 1057 3110 lacere
1075 3057 1123 3110 sibi
1143 3071 1263 3127 sumptus
1282 3073 1327 3128 per
1339 3057 1420 3126 ipsius

258 3141 420 3213 Collegium.

296 3299 336 3354 32.
356 3285 426 3340 Item
444 3297 572 3340 statutum
591 3285 720 3355 estquod
738 3284 869 3339 Consules
888 3298 1027 3340 teneantur
1045 3285 1112 3340 inim
1130 3286 1189 3340 XV.
1207 3287 1263 3340 dies
1282 3300 1420 3357 postquem

256 3371 351 3444 aliquis
369 3371 447 3427 luerit
465 3373 649 3436 denunciatus,
668 3385 803 3426 accusatus
821 3373 863 3426 uel
883 3373 959 3427 aliter
972 3373 1119 3444 inculpatus
1132 3374 1165 3428 de
1177 3374 1235 3444 ipso
1247 3373 1371 3442 Collegio
1384 3375 1422 3426 eis

259 3461 301 3513 uel
320 3461 395 3514 elteri
413 3462 570 3514 eorumdem
588 3459 673 3514 fecere
690 3461 829 3514 sccordare
855 3473 881 3514 et
909 3474 996 3532 petere
1023 3463 1190 3516 securitatem
1217 3473 1244 3516 et
1270 3461 1355 3514 facere
1373 3477 1422 3514 suo

257 3565 333 3617 posse
351 3565 493 3618 persuum
512 3561 715 3601 sacromentum.
735 3549 863 3620 Alioquin
882 3549 930 3602 illo
948 3551 1063 3602 termino
1082 3549 1140 3603 XV.
1165 3549 1269 3604 dietum
1291 3562 1422 3603 tmnsrcto

256 3635 329 3689 dicto
347 3648 495 3689 occussntus
514 3647 633 3688 teneatur
660 3637 805 3690 accordare.
836 3637 921 3690 Aliter
948 3638 1044 3690 sinon
1064 3637 1178 3690 uoluerit
1196 3639 1334 3691 nccordure
1353 3637 1419 3690 inlrn

256 3723 401 3776 terminum
421 3723 567 3793 predictum
585 3723 658 3794 quod
677 3723 778 3776 Consul
798 3739 854 3778 non
872 3725 966 3779 debent
984 3741 1083 3796 ponere
1099 3727 1126 3778 in
1146 3725 1270 3794 Collegio
1288 3737 1315 3778 et
1333 3726 1420 3795 ipsum

256 3811 318 3864 dare
336 3827 384 3882 pro
396 3810 503 3864 rebello.

294 3968 334 4022 33.
354 3951 421 4006 ltem
439 3951 511 4022 quod
529 3951 640 4022 quilibet
658 3953 691 4006 de
722 3953 793 4006 dicto
821 3953 946 4025 Collegio
973 3953 1018 4025 qui
1047 3953 1124 4008 luerit
1151 3953 1244 4008 citatus
1269 3955 1359 4010 venire
1388 3956 1421 4009 nd

257 4039 420 4112 Collegium,
438 4040 526 4094 vertitu
544 4051 570 4094 et
588 4039 634 4094 ille
652 4040 697 4112 qui
716 4057 771 4095 non
791 4041 869 4095 fuerit
887 4055 1029 4114 antequam
1048 4042 1149 4096 Consul
1162 4043 1209 4114 qui
1226 4045 1323 4114 ceperit
1341 4059 1420 4097 sren-

256 4146 320 4201 gare
338 4129 427 4184 sedent
444 4128 531 4182 solunt
550 4145 597 4200 pro
616 4127 732 4200 quelibet
750 4130 809 4182 uice
827 4130 947 4184 bannum
965 4131 983 4202 l.
1002 4131 1036 4184 de
1054 4131 1168 4202 denariis
1180 4129 1241 4186 ΧΠ.

295 4287 334 4341 34.
355 4271 421 4326 item
440 4271 512 4343 quod
532 4271 604 4325 nulls
623 4288 734 4342 persons
752 4273 786 4326 de
804 4271 875 4326 dicto
887 4272 1012 4343 collegio
1027 4274 1108 4344 possit
1127 4272 1211 4326 locere
1229 4289 1294 4344 peon
1314 4275 1422 4344 quando

257 4361 376 4414 ordiens
395 4373 509 4432 quatuor
527 4359 647 4430 Cnuigijs
667 4377 743 4431 suprn
762 4361 831 4414 Nisit
849 4373 916 4414 eset
935 4377 983 4432 pro
1002 4361 1070 4415 lacto
1083 4361 1189 4432 proprio
1207 4363 1239 4416 Et
1257 4363 1302 4434 qui
1322 4375 1421 4416 contre·
