3926 5542
499 456 548 510 ¹54

496 575 523 616 et
540 561 683 615 inconcuse
700 561 798 614 seruari
815 578 846 614 ac
863 561 961 631 signari
979 574 1006 616 et
1023 559 1149 615 subscribi
1168 575 1214 629 per
1231 559 1334 613 nobiles
1362 559 1537 613 Andreonum
1556 573 1659 612 messe-

496 665 590 702 ranurn
609 661 635 701 et
653 666 697 702 me
716 661 819 718 petrum
837 649 870 702 de
888 647 951 702 leria
970 649 1087 702 notarios
1108 647 1227 718 publicos
1245 659 1271 700 et
1288 647 1385 700 scribas
1403 647 1469 700 dicti
1486 647 1610 699 comunis
1627 646 1660 698 ad

497 749 616 790 eternmr
634 753 680 807 rey
698 737 865 790 memoriam.

532 858 591 928 Ego
609 857 763 911 Andrionus
781 857 851 910 filius
869 858 966 911 nobilis
985 857 1085 911 Rollini
1105 858 1246 910 merserani
1265 856 1298 911 de
1325 856 1434 928 Bugella
1461 857 1580 910 notarius
1608 871 1661 926 pu-

498 945 581 999 blicus
598 957 625 998 et
642 946 777 998 conscriba
795 947 918 998 comunis
937 945 1046 1015 Bugelle
1064 946 1196 1015 premissis
1214 943 1320 997 interfui
1339 961 1391 996 vna
1409 961 1471 997 curn
1495 943 1662 1013 infrascripto

498 1032 582 1087 nobili
600 1045 674 1104 petro
693 1033 726 1086 de
744 1033 806 1085 leria
825 1034 929 1086 notario
948 1033 1053 1102 publico
1071 1045 1098 1086 et
1116 1033 1251 1085 conscriba
1264 1032 1326 1085 dicti
1341 1032 1463 1085 comunis
1475 1031 1597 1102 dictaque
1614 1043 1663 1083 sta·

498 1133 554 1174 tuta
572 1121 600 1174 in
618 1122 670 1175 hoc
689 1120 826 1174 volumine
844 1133 1003 1174 statutorum
1022 1121 1084 1174 dicti
1103 1107 1226 1172 com'unis
1245 1120 1414 1190 lncorporaui
1427 1131 1544 1172 etmanu
1559 1118 1663 1188 propria

499 1209 588 1278 scripsi
607 1220 633 1261 et
651 1225 696 1261 me
713 1208 852 1277 subscripsi
871 1225 933 1260 cum
952 1208 1119 1277 appositione
1139 1207 1210 1260 soliti
1229 1208 1298 1276 signi
1318 1208 1380 1261 mei.

537 1297 596 1365 Ego
614 1308 701 1366 petrus
719 1295 789 1348 filius
808 1294 904 1348 nobilis
923 1295 1084 1348 bartolomei
1103 1296 1136 1348 de
1154 1295 1218 1348 leria
1236 1297 1269 1349 de
1282 1294 1387 1365 bugella
1401 1293 1520 1364 publicus
1531 1291 1664 1362 imperiali

500 1385 654 1436 auctoritate
673 1383 792 1436 notarius
809 1395 835 1436 et
854 1382 999 1436 Conscriba
1017 1384 1139 1436 comunis
1152 1383 1261 1452 bugelle
1280 1383 1414 1453 premissis
1432 1383 1497 1435 dum
1515 1393 1542 1434 vt
1560 1380 1665 1450 premit-

502 1471 566 1524 titur
583 1473 728 1542 agebantur
745 1487 796 1523 vna
815 1485 877 1524 cum
898 1471 1072 1542 suprascripto
1100 1471 1184 1524 nobili
1213 1469 1354 1524 Andriono
1382 1485 1533 1522 messemno
1560 1468 1665 1520 notario

501 1557 607 1628 publico
625 1571 651 1610 et
669 1559 804 1611 conscribo
821 1557 883 1610 dicti
902 1559 1024 1612 comunis
1042 1558 1149 1612 interlui
1167 1559 1200 1611 Et
1218 1559 1279 1612 ideo
1291 1557 1457 1628 suprascripti
1469 1556 1558 1610 statuti
1570 1556 1599 1608 in
1611 1556 1665 1609 hoc

505 1645 644 1698 volumine
661 1657 819 1699 statutorum
837 1645 900 1698 dicti
918 1647 1040 1699 comunis
1059 1646 1218 1716 incorporati
1236 1657 1262 1699 et
1280 1646 1381 1715 scriptis
1399 1662 1481 1698 manu
1499 1643 1665 1714 suprascripti

502 1732 634 1785 Andrioni
654 1732 687 1786 de
706 1732 831 1786 mandato
851 1732 1010 1802 prelatorum
1029 1734 1202 1787 dominorum
1220 1733 1326 1802 clauarij
1338 1745 1373 1784 ·et
1391 1731 1543 1784 Consulum
1564 1747 1595 1784 ac
1614 1745 1666 1782 cre·

503 1820 691 1874 dendariorum
710 1837 755 1874 me
773 1821 911 1890 subscripsi
929 1837 992 1875 cum
1010 1821 1176 1892 appositione
1193 1821 1264 1873 soliti
1283 1820 1353 1890 signi
1371 1819 1433 1872 mei.

507 1981 536 2048 3.
558 1959 777 2029 Confirmacio
800 1963 1090 2049 suprascriptorum
1113 1961 1321 2028 Statutorum.
1344 1959 1400 2049 (1)

539 2119 571 2172 ln
583 2119 695 2172 nomine
707 2119 810 2172 domini
823 2121 905 2173 nostri
914 2101 1036 2191 ffiffpi
1050 2138 1139 2186 amen,
1147 2121 1229 2174 Anno
1241 2137 1256 2172 a
1270 2118 1407 2172 natiuitate
1417 2117 1536 2170 eiusdem
1548 2127 1667 2170 currente

505 2207 650 2260 millesimo
659 2209 908 2278 quatercentessirno
920 2210 1154 2279 quinquagessimo
1167 2209 1261 2278 quinto
1273 2208 1406 2260 inditione
1417 2206 1497 2259 tercia
1509 2206 1552 2258 die
1563 2205 1668 2259 decimo

509 2297 608 2348 mensis
625 2296 786 2348 nouembris
806 2297 894 2349 Hodie
912 2297 940 2348 in
958 2297 1035 2366 plena
1054 2297 1189 2349 credencia
1207 2307 1353 2348 conuocata
1371 2307 1397 2348 et
1414 2305 1574 2365 congregata
1591 2309 1669 2362 super

508 2383 609 2452 palacio
628 2383 703 2452 placij
724 2383 847 2435 comunis
866 2383 975 2452 Bugelle
993 2400 1060 2436 sono
1079 2400 1206 2453 campane
1224 2395 1250 2436 et
1269 2399 1334 2436 voce
1352 2383 1472 2453 preconis
1490 2393 1568 2452 prout
1586 2379 1669 2434 moris

507 2481 546 2521 cst
564 2469 597 2521 de
615 2470 741 2522 mandato
759 2469 890 2522 nobilium
910 2482 936 2523 et
954 2471 1127 2540 prudencium
1146 2472 1264 2523 virorum
1282 2471 1455 2523 dominorum
1467 2469 1594 2522 lobannis
1605 2467 1669 2520 tole-

509 2559 555 2626 gnj
576 2555 691 2626 Clauarij
713 2557 873 2609 Bartolomei
893 2556 989 2627 serrarij
1009 2558 1153 2611 Valleriani
1172 2558 1205 2610 de
1223 2557 1335 2628 lermrijs
1353 2571 1380 2611 et
1398 2557 1560 2610 Bartolomei
1578 2556 1668 2625 generi

509 2643 651 2697 consulum
669 2643 792 2696 comunis
810 2644 918 2713 predicti
935 2645 967 2698 ln
986 2661 1037 2716 qua
1055 2646 1164 2716 quidem
1182 2646 1318 2698 credencia
1336 2644 1511 2698 interfuerunt
1531 2656 1558 2696 et
1575 2659 1672 2696 conue-

509 2743 606 2784 nerunt
624 2729 716 2800 prelati
734 2731 838 2784 domini
863 2730 1000 2786 Clauarius
1028 2745 1055 2786 et
1072 2733 1194 2786 consules
1212 2749 1241 2786 ac
1268 2731 1379 2786 Inferius
1397 2731 1529 2786 nominati
1547 2731 1672 2784 homines

510 2817 679 2888 Credandarij
699 2830 726 2872 et
743 2817 824 2871 vicini
842 2834 890 2887 pro
908 2818 1076 2890 infrascriptis
1094 2820 1239 2891 specialiter
1251 2819 1413 2890 peragendis
1426 2819 1551 2881 Quorum
1563 2818 1672 2889 quidem

512 2906 624 2959 nomina
642 2917 704 2960 sunt
722 2905 779 2970 hec,
798 2907 908 2961 Nobiles
926 2907 1059 2961 lohannes
1077 2909 1110 2962 de
1128 2907 1240 2978 serrarijs
1259 2908 1411 2962 Ludouicus
1428 2907 1592 2960 Bertodanus
1610 2906 1671 2959 An-

510 2993 600 3046 tonius
617 2992 738 3048 ferrarius
756 2993 876 3048 Boninus
894 2997 927 3048 de
944 2994 1057 3065 serrarijs
1075 2996 1157 3049 lulius
1174 2998 1207 3050 de
1234 2995 1346 3065 lermrijs
1373 2996 1483 3048 lacobus
1509 2994 1673 3048 liertodanus

511 3079 695 3134 bartolomeus
712 3081 791 3136 scalia
810 3082 932 3136 Roliinus
950 3099 1114 3136 messemnus
1141 3083 1304 3136 Antoniotus
1331 3095 1409 3135 conte
1427 3081 1522 3136 Simon
1541 3083 1575 3135 de
1592 3080 1673 3151 lango

510 3167 643 3222 lohannes
661 3185 771 3238 gromus
790 3171 974 3224 Bartolomeus
992 3171 1087 3224 cutella
1116 3169 1235 3223 lioffinus
1262 3171 1386 3240 tolegnus
1413 3170 1547 3224 Iohannes
1564 3184 1674 3240 gromus

511 3255 580 3324 pedo
597 3256 708 3310 lacobus
725 3256 791 3310 secia
808 3259 948 3312 lacobinus
966 3275 1042 3328 capra
1059 3258 1194 3310 Antonius
1212 3258 1245 3309 de
1262 3258 1374 3327 giglono
1386 3257 1527 3311 Enselmus
1539 3271 1675 3310 mrraaana

511 3341 665 3396 Ludouicus
683 3361 794 3414 gromus
811 3345 947 3398 Antonius
965 3357 1115 3398 muzasotus
1134 3344 1260 3397 Girardus
1277 3345 1356 3397 scalia
1374 3345 1476 3398 Consul
1495 3344 1600 3414 collegij
1620 3359 1674 3396 no-

511 3430 639 3482 tariorum
658 3429 841 3485 Bartolomeus
858 3433 1022 3485 costantinus
1040 3431 1191 3486 Ludouicus
1203 3432 1237 3484 de
1246 3431 1382 3484 rirardello
1392 3433 1529 3486 Clanarius
1541 3430 1675 3483 labrorum

513 3516 642 3572 Glaudius
660 3518 762 3571 robiola
781 3518 918 3572 Clauarius
947 3519 1130 3573 bechariorum
1156 3519 1190 3571 Et
1217 3532 1305 3588 petrus
1332 3519 1366 3572 de
1393 3520 1519 3588 borgexio
1538 3516 1676 3572 Clauarius

512 3606 701 3659 massariorum
720 3605 921 3660 Constituentes
939 3607 1004 3660 vltra
1022 3608 1087 3660 duas
1117 3619 1201 3676 partes
1228 3607 1372 3660 hominum
1401 3606 1633 3660 credandariorum
1650 3615 1677 3657 et

513 3691 659 3745 Credencie
677 3692 740 3744 dicti
757 3693 889 3748 comunis.

549 3811 668 3867 Prelatus
686 3813 813 3868 dominus
831 3815 970 3870 Clanarius
988 3814 1126 3886 proposuit
1144 3831 1178 3868 an
1196 3814 1246 3885 ipsi
1264 3815 1368 3870 domini
1381 3813 1499 3886 officiarii
1520 3827 1546 3868 et
1564 3813 1679 3868 Credan-

515 3899 580 3970 darij
601 3901 684 3956 velint
701 3903 774 3972 quod
792 3913 887 3958 statuta
907 3919 953 3973 per
970 3904 1068 3956 dictam
1087 3903 1279 3958 comunitatem
1297 3904 1404 3956 condita
1421 3904 1450 3956 in
1470 3903 1547 3974 plena
1566 3903 1678 3956 medor-

516 3987 556 4041 cia
574 4003 647 4041 anno
664 3990 786 4058 proxime
803 3991 927 4060 preterito
954 3990 1117 4045 M⁰CCCCL
1145 4004 1238 4062 quarto
1265 3991 1309 4044 die
1326 3989 1422 4044 XXVI.
1448 3991 1547 4044 mensis
1565 3990 1680 4045 octobris

516 4089 593 4152 super
610 4077 820 4132 successionibus
837 4093 893 4132 non
911 4077 1005 4133 fiendis
1023 4095 1070 4150 per
1095 4094 1206 4150 sponsos
1232 4079 1290 4134 siue
1317 4079 1427 4133 maritos
1453 4077 1597 4132 mulierum
1623 4077 1681 4132 siue

543 4233 577 4288 (ι)
588 4233 675 4276 Titulus
690 4235 793 4288 posterla
807 4236 928 4290 ascriptus.
