3926 5542
527 487 575 558 ι96

523 623 643 679 ternpore
660 627 754 664 eorum
773 611 934 665 Consulatus
952 612 1082 675 ceciderit,
1092 611 1176 664 silicet
1194 611 1260 664 ialn
1279 625 1399 664 mensem
1418 609 1536 663 bannum
1555 617 1582 660 et
1599 621 1687 676 penas,

522 715 573 769 que
592 711 668 751 erunt
685 699 744 752 sine
761 701 900 771 questione
918 713 944 754 et
956 701 977 753 si
990 701 1095 770 questio
1106 713 1173 753 esset
1186 701 1219 753 de
1233 699 1323 770 aliquo
1337 700 1435 763 banno,
1444 697 1533 768 aliqua
1545 695 1688 750 occasione

521 801 697 856 cognoscatur
715 787 760 841 illa
780 789 885 858 questio
903 801 930 841 et
947 789 1093 842 diffiniatur
1111 806 1156 858 per
1174 800 1288 858 quatuor
1304 787 1338 840 de
1356 785 1480 857 Collegio
1499 803 1545 856 per
1557 783 1688 838 Consule

520 873 602 944 ipsius
620 875 734 946 Collegij
754 875 900 946 eligendos,
919 876 989 930 lnfra
1007 877 1160 947 quindeclm
1178 877 1234 929 dies
1252 887 1392 946 postquam
1403 875 1431 928 in
1449 873 1497 927 illo
1515 875 1605 934 banno
1623 871 1686 924 oeci·

520 963 595 1026 derit,
614 963 657 1017 uel
676 966 801 1018 cecidisse
820 966 956 1018 diceretur.
976 966 1014 1018 lta
1033 966 1105 1034 quod
1124 964 1191 1017 inira
1211 964 1279 1017 illud
1297 977 1402 1034 tempus
1416 963 1627 1032 condempnetur
1644 957 1688 1012 uel

520 1051 681 1115 absoluatur,
701 1069 753 1122 que
770 1053 978 1122 condempnatio
998 1053 1170 1121 postmodum
1188 1051 1256 1105 inira
1275 1068 1396 1104 mensem
1416 1062 1445 1104 ut
1456 1051 1557 1104 dictum
1570 1061 1688 1102 estcorn-

521 1141 617 1209 putatis
634 1139 686 1192 illis
704 1141 856 1209 quindecim
875 1141 967 1192 diebus
985 1158 1031 1211 per
1049 1139 1180 1193 Consules
1199 1139 1241 1192 uel
1260 1155 1354 1193 eorum
1372 1139 1485 1192 nuncios
1503 1135 1687 1208 exignnrr,uel

519 1228 669 1280 excutiatur
687 1228 833 1297 dequibus
851 1228 945 1280 bannis
962 1228 1020 1280 siue
1039 1229 1127 1280 banno
1145 1229 1211 1281 dum
1229 1240 1319 1280 tamen
1337 1225 1437 1297 liquida
1467 1225 1574 1290 fuerim,
1591 1225 1689 1295 Aliqua

521 1331 577 1366 non
596 1315 677 1383 possit
695 1314 751 1366 fieri
770 1315 890 1366 remissio
908 1316 966 1366 siue
984 1315 1118 1367 absolutio
1136 1315 1227 1385 aliquo
1245 1315 1328 1367 modo
1350 1314 1393 1367 uel
1411 1312 1522 1384 ingenio
1541 1330 1587 1383 per
1604 1313 1688 1366 dictos

522 1402 652 1456 Consules
671 1403 714 1455 uel
733 1402 845 1455 alterum
864 1419 968 1467 eorum,
987 1402 1037 1455 Vel
1056 1402 1173 1474 aliquam
1191 1402 1350 1456 submissam
1368 1417 1508 1472 personam
1523 1412 1551 1454 et
1562 1401 1689 1454 medietas

522 1491 645 1544 omnium
665 1492 814 1544 bannorum
834 1490 1059 1560 infrascriptorum
1078 1503 1104 1542 et
1122 1491 1356 1560 suprascriptorum
1375 1491 1409 1542 sit
1427 1489 1577 1542 Consulum
1594 1501 1620 1541 et
1637 1488 1689 1540 alia

523 1579 650 1631 medietas
669 1577 783 1648 Collegij
803 1578 836 1630 Et
854 1578 976 1630 consules
994 1590 1134 1631 teneantur
1151 1579 1263 1648 singulis
1281 1579 1357 1632 annis
1376 1576 1443 1630 inim
1461 1577 1614 1648 quindecim
1632 1576 1688 1630 dies

524 1679 582 1736 post
600 1677 720 1718 sanctum
740 1666 884 1718 Martinum
905 1665 988 1719 iacere
1007 1666 1137 1719 rationem
1156 1679 1182 1720 et
1200 1668 1290 1719 redere
1308 1667 1341 1718 de
1359 1666 1435 1718 dictis
1453 1665 1547 1718 bannis
1566 1665 1688 1727 Quodsi

523 1771 578 1808 non
597 1755 733 1824 exegerint
751 1755 784 1807 de
803 1753 880 1806 bursa
898 1755 1004 1824 propria
1023 1755 1147 1825 Collegio
1166 1771 1212 1824 per
1228 1765 1423 1808 ammentum
1444 1752 1584 1825 dupliciter
1610 1753 1687 1806 resti-

522 1831 599 1897 tuere
613 1855 760 1896 teneantur.

558 2000 582 2054 9.
602 1985 669 2036 ltem
688 1984 842 2036 Statuemnt
860 1995 886 2036 et
904 1983 1102 2036 ordinauerunt.
1123 1983 1204 2046 Quod
1224 1982 1301 2036 liceat
1319 1983 1481 2037 Consulibus
1495 1983 1569 2037 istius
1582 1983 1686 2054 paratici

521 2071 579 2124 siue
597 2071 711 2141 Collegij
732 2083 758 2124 et
776 2071 883 2124 cuilibet
901 2087 995 2124 eorum
1014 2071 1098 2124 facere
1116 2073 1246 2124 rationem
1265 2071 1373 2125 cuilibet
1382 2071 1555 2142 conquerenti
1573 2072 1607 2124 de
1624 2087 1688 2142 quo·

522 2158 586 2212 libet
604 2159 678 2211 istius
697 2157 804 2227 paratici
823 2159 880 2212 siue
898 2159 1027 2227 Collegij,
1046 2159 1079 2211 de
1097 2174 1196 2229 reque
1214 2159 1342 2228 pertineat
1359 2161 1392 2213 ad
1411 2158 1531 2212 officium
1548 2159 1629 2212 buius
1647 2175 1690 2228 pe·

522 2247 594 2299 ratici
613 2248 671 2300 siue
689 2247 803 2317 Collegij
823 2248 857 2299 Et
875 2247 920 2298 ille
938 2245 972 2298 de
990 2245 1114 2316 Collegio
1132 2247 1178 2316 qui
1197 2248 1369 2301 recussauerit
1386 2255 1470 2300 lacere
1488 2247 1620 2300 rationem
1638 2263 1687 2300 co·

522 2351 578 2388 ram
597 2335 635 2387 eis
653 2335 686 2387 de
705 2335 826 2403 predictis
844 2334 931 2386 soluat
949 2334 1067 2386 bannum
1086 2334 1134 2386 sol.
1154 2335 1211 2388 XX.
1232 2352 1273 2406 pp.
1293 2352 1340 2406 pro
1358 2335 1475 2406 qualibet
1491 2335 1557 2388 vice.

561 2488 600 2526 10.
619 2474 686 2526 Item
705 2473 858 2526 Statuerunt
876 2486 902 2527 et
920 2475 1120 2526 ordinauerunt.
1140 2474 1223 2536 Quod
1241 2475 1262 2526 si
1282 2474 1363 2546 aliqui
1382 2475 1475 2528 Notati
1503 2476 1536 2528 de
1553 2487 1641 2529 cetero
1659 2475 1688 2528 in

521 2562 611 2632 aliquo
629 2561 714 2614 offitio
733 2563 835 2614 notarie
853 2562 925 2614 curie
944 2561 1054 2632 Bugelle
1075 2560 1173 2614 luerint
1191 2563 1327 2615 constituti
1345 2575 1371 2616 et
1390 2563 1525 2617 noluerint
1543 2564 1570 2616 in
1589 2579 1687 2618 contu·

522 2650 604 2702 nione
622 2650 719 2701 morari
738 2661 802 2702 tunc
820 2649 897 2702 liceat
916 2650 1078 2702 Consulibus
1096 2649 1176 2702 huius
1195 2651 1301 2734 pqratici
1320 2651 1377 2703 siue
1396 2651 1510 2721 Collegij
1530 2651 1574 2705 uel
1592 2651 1688 2706 maiori

522 2737 587 2807 parti
606 2755 638 2789 es
657 2737 703 2800 eis,
722 2749 748 2790 et
765 2738 878 2790 debeant
896 2749 922 2789 et
940 2749 1079 2789 teneantur
1097 2749 1211 2790 statuere
1230 2751 1256 2790 et
1274 2739 1397 2791 ordinare
1423 2756 1501 2809 super
1527 2756 1621 2792 comm
1640 2756 1686 2793 so-

522 2825 623 2888 cietate,
642 2825 709 2877 sicut
727 2826 764 2877 eis
783 2809 922 2877 uidebitur.
951 2825 1039 2877 Erilli
1069 2826 1114 2895 qui
1134 2826 1323 2878 recussauerint
1341 2827 1475 2880 attendere
1502 2827 1528 2879 id
1556 2827 1627 2898 quod
1655 2845 1688 2881 ex

521 2914 584 2966 inde
602 2913 739 2966 statuerint
757 2912 863 2965 soluant
882 2913 1000 2965 bannum
1019 2929 1067 2983 pro
1086 2913 1202 2983 qualibet
1221 2914 1277 2965 sice
1295 2913 1343 2966 sol.
1363 2914 1420 2967 XX.
1441 2932 1482 2984 pp.

561 3071 599 3108 11.
619 3053 685 3106 Item
704 3054 858 3107 statuerunt
876 3065 903 3106 et
921 3054 1118 3106 ordinauerunt.
1142 3055 1224 3115 Quod
1243 3055 1335 3106 omnia
1354 3055 1440 3107 mnne
1458 3067 1485 3108 et
1502 3057 1687 3128 condempna-

522 3143 607 3195 tiones
625 3143 772 3212 exigantur,
791 3159 853 3194 cum
872 3142 992 3210 expensis
1010 3161 1042 3193 ex
1061 3142 1123 3194 inde
1142 3141 1243 3194 fiendis.
1263 3143 1305 3195 Ab
1323 3142 1375 3196 illis
1397 3143 1442 3213 qui
1461 3162 1491 3196 ea
1511 3145 1552 3197 uel
1575 3164 1619 3198 eas
1637 3148 1686 3200 de-

522 3232 634 3294 buerint,
652 3230 713 3283 licet
732 3243 821 3299 postea
839 3230 953 3300 predicta
983 3230 1075 3282 omnia
1093 3241 1119 3282 et
1137 3229 1241 3300 singula
1269 3231 1446 3300 predictorum
1474 3234 1643 3288 attendantur
1661 3249 1688 3289 et

520 3319 699 3371 observentur.

559 3474 598 3510 12.
618 3458 688 3511 Item
707 3457 859 3511 Statuerunt
877 3470 903 3510 et
921 3458 1119 3512 ordinauerunt
1148 3458 1230 3521 Quod
1258 3475 1304 3528 per
1330 3459 1400 3528 ipsos
1427 3461 1552 3515 Notarios
1579 3463 1601 3515 si
1629 3463 1688 3534 quis

521 3545 598 3599 luerit
617 3545 773 3598 inobediens
791 3561 840 3598 suo
860 3545 983 3614 Collegio
1002 3546 1059 3597 siue
1078 3545 1242 3598 Consulibus
1260 3546 1433 3600 Notariorum
1452 3547 1480 3600 in
1499 3548 1616 3620 hiisque
1635 3567 1690 3620 per·

521 3634 607 3686 tinent
625 3634 657 3686 ad
677 3635 779 3685 Statura
797 3650 843 3685 seu
862 3631 981 3685 fauorem
1001 3633 1115 3702 paranti,
1134 3645 1254 3686 teneatur
1264 3634 1385 3687 exclusus
1396 3636 1429 3687 ab
1442 3637 1518 3688 omni
1533 3638 1650 3691 comodo
1663 3649 1689 3690 et

521 3722 657 3773 consortio
675 3719 846 3773 Notariorum
866 3720 983 3789 Bugelle‚
1002 3721 1087 3772 donec
1106 3720 1238 3773 mandatis
1257 3721 1398 3774 consulum
1417 3734 1444 3775 et
1462 3725 1577 3793 paratici,
1589 3725 1617 3777 in
1631 3737 1689 3778 toto

521 3809 635 3878 paruerit
654 3820 680 3860 et
698 3808 860 3877 quicumque
878 3807 911 3859 de
929 3807 1043 3877 collegio
1062 3807 1111 3860 sibi
1130 3807 1238 3860 interim
1251 3809 1398 3862 subsidium
1407 3810 1450 3863 uel
1463 3810 1567 3864 lucrum
1578 3813 1687 3877 dederit,

521 3897 592 3966 quod
612 3896 740 3964 pertineat
758 3895 790 3948 ad
808 3895 925 3947 offitium
944 3896 1046 3948 notarie
1059 3895 1102 3947 uel
1115 3896 1265 3959 aduocacie,
1279 3897 1365 3949 soluat
1378 3898 1497 3950 bannum
1513 3899 1561 3952 sol.
1577 3900 1635 3954 XX.
1646 3918 1688 3972 pp.

521 4000 568 4053 pro
587 3983 703 4052 qualibet
721 3983 786 4046 vice,
805 3995 831 4034 et
849 3982 970 4036 similiter
988 3984 1022 4035 sit
1040 3983 1173 4035 exclussus
1192 3995 1218 4034 et
1236 3985 1368 4052 puniatur,
1386 3997 1416 4037 ut
1434 4002 1519 4055 supra.

561 4138 599 4190 13.
619 4123 685 4174 ltern
705 4123 858 4174 Statuemnt
876 4133 901 4172 et
920 4122 1117 4173 ordinauerunt.
1137 4121 1220 4183 Quod
1239 4123 1259 4173 si
1274 4121 1360 4191 aliqua
1374 4139 1484 4192 persona
1498 4125 1633 4181 Clericalis
1645 4128 1689 4181 uel

520 4208 618 4260 nobilis
637 4208 679 4260 uel
699 4209 854 4261 honoranda
873 4225 924 4276 que
944 4224 999 4259 non
1018 4209 1050 4260 sit
1071 4209 1195 4260 Notarius
1217 4209 1257 4261 vel
1277 4210 1428 4272 aduncatus,
1439 4210 1552 4280 Recepta
1565 4211 1643 4268 suerit
1656 4217 1691 4269 de

519 4311 649 4349 consensu
670 4295 783 4364 Collegij
800 4295 841 4346 nd
857 4293 1014 4346 beneficium
1030 4293 1154 4364 Collegij,
1165 4296 1250 4348 soluat
1263 4297 1426 4349 consortium
1439 4307 1465 4348 et
1477 4314 1558 4351 onera
1570 4301 1687 4372 Collegij
