3926 5542
525 437 576 498 ¹94

1083 550 1129 618 VI

525 653 736 828 srcaopopia
760 655 1068 828 poranronon
1092 603 1293 724 nocente
1320 655 1624 748 (nccccxxrx)
1648 610 1693 708 ζ-

645 811 653 826 .
715 783 767 828 em
789 783 815 830 l·

568 955 607 1022 ln
630 955 761 1022 nomine
784 953 908 1024 domini
931 957 1034 1022 nostri
1052 955 1160 1042 Jbesu'
1176 955 1297 1024 Christi
1322 979 1431 1024 amen.
1453 957 1533 1024 Post
1555 957 1696 1024 incarna-

525 1077 595 1126 tum
618 1059 753 1127 uerbum
777 1060 816 1128 de
839 1061 963 1148 uirgine
987 1064 1084 1128 maria
1108 1081 1254 1128 currente
1278 1085 1363 1129 anno
1388 1061 1561 1130 millesimo
1575 1079 1698 1151 quater·

526 1166 703 1232 centesimo
718 1167 890 1232 vicessimo
906 1187 995 1232 nono
1011 1165 1169 1233 inditione
1184 1170 1320 1254 septima
1335 1167 1375 1233 de
1390 1188 1504 1234 mense
1520 1167 1697 1234 decembris

527 1273 683 1337 existente
696 1288 852 1358 potestate
863 1269 990 1358 bugelle
1002 1289 1035 1336 et
1046 1271 1264 1339 mandamenti
1277 1272 1439 1360 spectabili
1451 1273 1553 1339 milite
1564 1271 1697 1340 domino

527 1375 674 1443 Amedeo
697 1375 736 1442 de
760 1377 904 1442 Lucerna
927 1397 985 1463 pro
1008 1375 1228 1445 Illustrissimo
1251 1396 1283 1444 et
1306 1379 1521 1446 Serenissimo
1559 1379 1699 1468 principe

530 1499 561 1548 et
584 1481 719 1549 domino
742 1482 875 1550 domino
898 1499 1011 1551 nostro
1034 1482 1170 1550 domino
1191 1483 1338 1551 Amedeo
1361 1483 1519 1552 Sabandie
1535 1502 1595 1552 etc.
1608 1484 1698 1552 duce.

574 1675 644 1742 Hec
666 1691 741 1741 sunt
763 1691 878 1742 statuta
901 1693 932 1742 et
954 1676 1176 1744 ordinamenta
1199 1679 1399 1745 notariorum
1423 1677 1548 1765 collegii
1565 1675 1702 1744 scriben

532 1779 617 1847 darie
641 1778 782 1846 ciuilium
805 1797 837 1846 et
859 1779 1072 1847 criminalium
1095 1780 1226 1870 Bugelle
1249 1799 1281 1848 et
1304 1781 1531 1849 mandament'n
1567 1781 1649 1848 facta
1670 1799 1702 1848 et

532 1883 668 1951 stabilita
686 1885 757 1971 Jam
773 1883 829 1952 diu
844 1903 876 1952 et
890 1887 1119 1975 antiquissinns
1134 1885 1333 1973 temporibus
1356 1889 1531 1954 retroactis.
1545 1885 1704 1954 Videlicet

532 1988 730 2076 temporibus
754 1990 869 2080 quibus
892 1994 960 2078 ipse
983 1990 1073 2058 locus
1088 1989 1215 2079 bugelle
1231 1991 1359 2058 suberat
1375 1993 1524 2079 regimini
1541 2009 1573 2058 et
1589 1990 1703 2059 ditioni

534 2096 612 2163 olim
623 2096 803 2163 venerande
816 2099 981 2164 memorie.
996 2097 1260 2164 Reuerendotum
1276 2099 1503 2185 episcoporum
1519 2095 1704 2164 Vercellen·

535 2205 619 2269 sium
641 2219 719 2269 tunc
741 2201 860 2271 ibidem
883 2203 1103 2270 dominorum.
1127 2204 1224 2271 Nunc
1246 2223 1354 2270 autem
1377 2202 1550 2270 reformata
1565 2220 1705 2270 correcta

535 2326 567 2375 et
589 2326 726 2376 extracta
748 2331 784 2376 ac
807 2309 847 2375 de
870 2331 957 2376 nouo
982 2308 1064 2375 facta
1087 2308 1127 2375 de
1151 2330 1261 2376 mense
1284 2308 1435 2376 octobris.
1470 2309 1512 2377 ad
1545 2309 1703 2378 honorem

536 2415 768 2502 omnipotentis
791 2413 852 2482 dei.
869 2433 901 2482 et
914 2413 1098 2480 beatissime
1113 2416 1247 2502 uirginis
1263 2417 1361 2481 marie
1377 2415 1446 2481 eius
1459 2417 1625 2504 genitricis
1641 2413 1707 2503 glo

537 2522 647 2587 riosse.
660 2521 871 2609 omniumque
883 2538 1068 2587 sanctorum
1080 2537 1174 2608 atque
1187 2538 1308 2588 sancto.
1318 2537 1426 2586 sancte
1439 2521 1549 2587 matris
1562 2520 1705 2588 ecclesie.

537 2646 687 2692 necnon
709 2625 918 2694 Illustrissimi
942 2649 978 2692 ac
998 2625 1258 2692 excellentissimi
1293 2626 1418 2692 domini
1453 2624 1578 2694 domini
1604 2627 1707 2693 nostri

538 2730 661 2798 domini
683 2731 817 2799 Amedei
840 2730 996 2798 Sabaudie
1019 2747 1078 2798 etc.
1103 2729 1192 2798 ducis
1216 2729 1370 2818 prelibati.
1395 2729 1539 2820 Amen(
1562 2731 1588 2821 ).

578 2945 600 2981 1.
611 2927 652 2996 (2)
663 2927 754 2980 Primo
766 2928 874 2997 quidem
886 2939 1033 2980 statuerunt
1047 2938 1072 2979 et
1085 2926 1283 2979 ordinauerunt
1298 2926 1371 2995 quod
1383 2926 1476 2978 Notari
1490 2941 1584 2979 omnes
1597 2927 1709 2980 debeant

540 3029 566 3069 et
584 3029 722 3069 teneantur
740 3018 810 3068 bona
828 3016 880 3068 fide
897 3016 955 3068 sine
974 3015 1064 3068 frande
1096 3013 1179 3066 lacere
1207 3016 1320 3067 scribere
1346 3014 1390 3066 uel
1421 3014 1502 3084 digne
1530 3015 1608 3067 scribi
1626 3013 1709 3066 lacere

540 3120 635 3158 omnes
648 3105 739 3158 Cartas
753 3117 858 3157 testatas
871 3116 897 3156 et
909 3104 1031 3174 pubblica
1044 3103 1220 3156 instrumenta
1234 3102 1303 3154 dicta
1316 3115 1342 3154 et
1354 3103 1448 3170 scripta
1460 3102 1566 3154 testium
1580 3114 1606 3155 et
1618 3102 1710 3154 omnia

540 3195 777 3246 auctenticamenta
790 3193 827 3246 eis
840 3193 971 3260 imposita.
993 3192 1063 3244 Iuste
1081 3203 1107 3242 et
1127 3203 1196 3242 recte
1214 3202 1240 3242 et
1255 3190 1448 3242 rationabiliter
1460 3190 1607 3242 secundum
1619 3189 1711 3241 volun·

542 3294 622 3334 tatem
642 3293 667 3333 et
687 3294 805 3350 precepta
824 3293 849 3332 et
869 3293 941 3348 pacta
961 3293 987 3332 et
1003 3280 1195 3331 conuentiones
1210 3279 1327 3349 parcium
1344 3278 1558 3331 contrabentium
1572 3276 1653 3330 nichil
1667 3277 1712 3328 do·

542 3369 610 3421 losse
629 3369 671 3421 uel
690 3368 868 3420 [modulanter
886 3367 954 3419 clam
974 3366 1016 3418 uel
1035 3366 1139 3419 occulte
1158 3367 1249 3418 addito
1282 3365 1325 3420 uel
1345 3367 1454 3436 dempto
1484 3366 1513 3418 in
1532 3367 1650 3436 dampno
1668 3363 1710 3416 uel

543 3457 683 3526 preluditio
702 3456 811 3508 alicuius
829 3455 909 3524 panis
927 3455 970 3506 uel
990 3471 1102 3523 persone
1120 3453 1301 3506 contrahentis
1320 3453 1371 3506 nisi
1390 3471 1421 3506 ea
1448 3453 1481 3506 de
1499 3453 1594 3522 quibus
1613 3451 1711 3504 fuerint

543 3544 738 3598 consentientes
756 3555 781 3594 et
800 3543 943 3595 concordes
953 3553 1031 3610 prout
1040 3543 1067 3593 in
1081 3541 1265 3593 Instrumento
1279 3541 1423 3594 fidelitatis
1440 3540 1519 3610 officii
1531 3540 1640 3593 Notarie
1652 3555 1713 3592 con-

543 3632 622 3685 tineri
641 3632 756 3684 debetur.
776 3630 848 3682 Etsi
867 3629 926 3698 quis
945 3629 1069 3682 Notarius
1089 3629 1122 3681 de
1142 3629 1267 3697 Collegio
1287 3629 1476 3692 contrafecerit,
1490 3628 1576 3682 soluat
1594 3629 1712 3680 bannum

546 3719 669 3789 Collegio
688 3719 835 3771 solidorum
863 3717 982 3770 Centum
1013 3733 1055 3787 pp.
1085 3729 1111 3770 et
1139 3717 1172 3769 de
1205 3715 1329 3786 Collegio
1357 3717 1507 3769 exnnhatur
1533 3729 1560 3769 er
1577 3715 1713 3786 legiptime

549 3819 680 3878 puniatur.
1073 3839 1079 3852 .

572 3983 601 4033 (a)
617 3982 677 4029 Quae
691 3982 796 4034 bucusque
810 3982 931 4036 praecedunt
955 3981 1016 4022 rubro
1035 3981 1105 4022 colore
1126 3990 1186 4033 utque
1208 3980 1300 4034 politiori
1321 3979 1425 4021 literarum
1447 3979 1512 4020 sorana
1532 3989 1611 4020 exarata
1632 3979 1715 4020 suntin

548 4054 612 4106 prima
626 4054 703 4092 codicis
720 4053 794 4092 fronte.

575 4125 603 4173 μ)
619 4122 760 4175 Capirnlonrrn
775 4125 852 4162 numeri
868 4133 946 4162 estant
962 4124 982 4162 in
997 4123 1068 4162 codice
1083 4135 1109 4162 eo
1125 4123 1197 4161 ordine
1212 4135 1251 4174 que
1266 4133 1284 4162 et
1300 4136 1338 4162 nos
1360 4123 1392 4162 usi
1414 4135 1493 4170 sumus,
1516 4121 1716 4161 animadvertendum

548 4203 614 4231 tamen
630 4194 684 4244 quod
700 4196 718 4232 in
734 4195 812 4242 codice,
828 4197 970 4246 praerenuisso
985 4197 1009 4231 n⁰
1027 4196 1057 4239 18,
1074 4207 1169 4231 numurus
1187 4205 1218 4242 ¹9·
1234 4204 1264 4232 est
1280 4195 1324 4232 eius
1335 4193 1382 4233 loco
1393 4206 1416 4232 cr
1427 4207 1468 4246 quo
1479 4193 1570 4234 ordinate
1580 4192 1715 4248 procedicrnr.

550 4263 603 4302 lllnc
619 4263 756 4303 discordantia
770 4277 782 4302 a
796 4264 851 4303 dieto
866 4264 956 4316 capitulo
972 4265 1024 4302 inter
1038 4273 1121 4305 nostros
1136 4273 1156 4303 cl
1172 4264 1249 4304 codicis
1266 4277 1371 4304 numeros.
