4040 5540
564 499 599 563 64

602 634 660 690 334·
678 621 746 678 Item
764 633 892 676 statutum
909 633 949 674 est
967 623 1039 691 quod
1065 623 1094 675 in
1121 623 1240 692 quolibet
1267 621 1423 676 molendino
1449 623 1484 675 sit
1504 638 1572 675 vnus
1589 621 1662 676 solus
1679 621 1727 692 qui

564 709 674 778 accipiat
692 708 836 762 mulmmm
853 721 880 762 et
898 708 1051 778 pbtaturam
1069 711 1216 779 dequibus
1233 726 1290 762 non
1307 709 1417 779 accipiat
1434 725 1484 762 nec
1501 709 1618 778 accipere
1644 711 1727 778 possit

564 795 616 848 nisi
633 795 729 848 XVlIL
748 808 849 865 partem
866 812 913 865 per
929 808 1124 850 sacrammtum
1142 814 1188 866 per
1205 797 1294 866 ipsum
1311 795 1482 866 corporaliter
1494 797 1633 866 prestitum
1644 797 1728 865 etqui

564 882 593 934 in
610 881 700 952 aliquo
718 881 899 935 coonalecerit
916 899 966 936 nec
983 883 1128 936 molturam
1146 883 1274 953 acceperit
1290 884 1342 936 nisi
1359 884 1393 936 ad
1412 883 1527 952 predicta
1540 881 1619 936 luerit
1631 883 1728 953 specia-

564 969 624 1024 liter
641 970 779 1040 deputatus
796 969 883 1023 soluat
900 986 948 1041 pro
965 971 1084 1041 quolibet
1101 983 1128 1024 et
1146 970 1262 1042 qualibet
1279 971 1344 1023 vice.
1363 969 1411 1024 sol
1429 969 1488 1024 XX.
1507 986 1550 1040 pp.

935 1270 984 1323 DE
1002 1269 1162 1323 ALPIBUS.
1183 1301 1214 1309 -
1235 1269 1266 1323 R.
1284 1267 1361 1322 XXI.

604 1513 661 1566 335.
680 1497 723 1565 (1)
741 1496 875 1549 Statutum
894 1496 1021 1566 estquod
1040 1497 1105 1566 alpis
1117 1496 1151 1549 de
1163 1511 1276 1553 mazano
1289 1494 1382 1548 debeat
1400 1493 1530 1548 incantari
1549 1511 1596 1564 per
1606 1491 1728 1547 consules

566 1586 599 1639 de
618 1601 710 1638 mense
728 1585 829 1654 marcij.
844 1597 870 1638 et
888 1585 934 1654 qui
952 1584 1011 1654 plus
1028 1585 1100 1637 dabit
1118 1585 1202 1654 ipsam
1220 1584 1316 1637 habeat
1333 1594 1359 1637 et
1377 1594 1466 1636 teneat
1482 1581 1729 1660 ipsamaKalendis

566 1671 639 1741 Mnij.
659 1672 792 1741 usquead
811 1672 978 1725 natiuitatem
996 1671 1108 1725 domini.
1126 1684 1153 1724 et
1172 1688 1227 1725 noo
1246 1671 1369 1740 permitat
1386 1670 1477 1722 venire
1494 1685 1584 1738 capras
1606 1685 1622 1720 a
1639 1680 1729 1722 sancta

566 1761 649 1812 maris
667 1758 776 1812 inferius
794 1776 843 1812 nec
861 1758 945 1812 lacere
962 1760 1059 1813 seracia
1077 1775 1139 1812 cnm
1157 1759 1295 1828 lapidibus
1314 1759 1347 1810 Et
1366 1757 1442 1810 liceat
1452 1755 1560 1810 cuilibet
1577 1755 1683 1809 homini
1695 1755 1729 1809 de

566 1847 671 1917 bugella
689 1862 794 1916 pascare
811 1847 840 1900 in
858 1847 913 1916 ipsa
931 1845 990 1917 alpe
1008 1846 1050 1915 (2)
1069 1864 1115 1915 per
1132 1859 1220 1900 totum
1239 1862 1359 1900 mensem
1377 1845 1442 1898 maii
1460 1845 1511 1913 (2).
1533 1844 1567 1896 Et
1584 1845 1617 1897 ab
1635 1855 1729 1898 octaua

565 1947 655 1988 sancte
673 1934 756 1987 marie
775 1935 808 1988 de
826 1935 980 2004 septembris
998 1934 1026 1988 in
1044 1947 1129 1988 antea.
1148 1936 1181 1987 Et
1198 1935 1245 2004 qui
1263 1935 1299 1986 ibi
1318 1933 1463 2004 paseauerit
1486 1931 1529 1984 uel
1548 1930 1729 1986 conualecerit

565 2022 652 2075 soluat
669 2023 788 2074 bannum
807 2021 854 2075 sol.
873 2022 930 2075 XX
950 2038 998 2091 pro
1016 2021 1131 2092 qualibet
1157 2022 1208 2075 die.
1227 2021 1279 2074 nisi
1296 2037 1325 2074 se
1342 2021 1542 2074 concordauerit
1559 2035 1622 2073 cum
1639 2017 1727 2089 inple-

565 2121 623 2163 tore
641 2121 667 2162 et
685 2109 812 2162 medietas
831 2109 911 2162 banni
929 2110 963 2162 sit
981 2109 1111 2163 comunis
1130 2122 1156 2162 et
1174 2109 1225 2164 alia
1243 2110 1371 2163 medietas
1389 2107 1537 2178 inpletoris

604 2266 662 2336 336.
681 2267 748 2320 Item
767 2277 894 2319 statutum
912 2278 951 2320 est
969 2267 1041 2336 quod
1059 2266 1201 2336 inpletores
1218 2267 1319 2338 alpium
1332 2283 1387 2322 non
1401 2265 1502 2336 possint
1512 2266 1627 2320 vendere
1638 2265 1728 2318 erbam

566 2354 645 2408 alicui
663 2371 774 2425 persone
792 2365 922 2408 extranee.
942 2366 968 2406 et
986 2353 1107 2408 consules
1125 2367 1264 2409 teneantur
1281 2355 1421 2426 inquirere.

605 2527 662 2582 337.
681 2513 748 2565 ltem
766 2523 894 2564 statutum
912 2513 1041 2582 estquod
1060 2511 1132 2566 nulla
1150 2529 1261 2582 persona
1279 2513 1313 2566 de
1331 2513 1436 2583 bugella
1463 2512 1556 2567 debeat
1583 2512 1626 2566 uel
1654 2527 1728 2580 pres·

566 2612 654 2654 sumat
671 2601 784 2652 vendere
803 2599 893 2652 erbam
911 2598 1022 2652 alicuius
1039 2599 1105 2670 alpis
1123 2599 1201 2652 alicui
1219 2600 1325 2653 homini
1344 2601 1377 2653 de
1396 2613 1468 2654 extra
1486 2599 1620 2670 bugellsm
1639 2612 1665 2652 et
1683 2599 1728 2668 qui

566 2686 747 2742 contralecerit
765 2687 852 2740 soluat
870 2688 988 2740 bannum
1007 2703 1055 2758 pro
1073 2687 1189 2758 qualibet
1206 2688 1263 2740 vice
1280 2687 1329 2741 sol.
1348 2687 1407 2742 xit
1425 2704 1467 2759 pp.
1486 2689 1520 2742 Et
1546 2687 1668 2740 consules
1686 2699 1728 2740 te-

567 2787 681 2828 neantur
697 2775 841 2846 Inquirere.

604 2932 662 3002 338.
681 2932 749 2987 Item
768 2943 896 2986 statutum
915 2944 954 2984 est
971 2932 1043 3002 quod
1062 2930 1135 2986 nulla
1153 2949 1264 3003 persona
1282 2934 1375 2988 debeat
1393 2934 1434 2988 Ire
1445 2949 1550 3004 pascere
1561 2949 1730 3004 nequeseere

567 3037 616 3074 nec
635 3020 718 3072 lacere
736 3021 844 3091 aliquod
863 3019 1009 3089 dampnum
1028 3037 1106 3090 super
1124 3021 1216 3074 alienis
1235 3020 1337 3090 alpibus
1354 3039 1370 3074 a
1388 3033 1508 3091 ternpore
1525 3021 1597 3074 cride
1609 3019 1730 3090 lacteper

567 3108 689 3162 consules
707 3108 737 3161 In
756 3119 841 3160 antee.
860 3107 893 3160 Et
911 3106 956 3177 qui
975 3106 1156 3160 contrafecerit
1174 3107 1261 3161 soluat
1278 3109 1396 3161 bannum
1414 3108 1463 3162 sol.
1481 3107 1539 3162 XX.
1558 3119 1585 3161 et
1603 3107 1730 3162 medietas

568 3197 649 3250 banni
667 3196 701 3248 sit
718 3195 848 3248 comunis.
868 3205 895 3248 et
912 3194 963 3247 alia
982 3194 1109 3248 medietas
1126 3195 1270 3265 inpletoris.
1289 3195 1324 3248 Et
1341 3195 1462 3250 consules
1489 3207 1629 3250 teneantur
1646 3194 1730 3248 facere

567 3283 661 3337 cridari
679 3283 707 3335 in
726 3282 826 3335 banurn
845 3282 927 3336 dictas
944 3281 1024 3351 alpes
1043 3297 1058 3334 a
1076 3280 1203 3335 Kalendis
1220 3283 1292 3336 maii.
1312 3297 1395 3352 usque
1413 3283 1447 3336 nd
1464 3295 1586 3337 sanctum
1607 3283 1728 3337 michae-

567 3369 629 3426 lem.
647 3370 764 3441 Excepto
782 3370 815 3423 de
833 3385 955 3422 menno.

605 3545 663 3600 339.
682 3527 750 3582 Item
768 3538 897 3582 statutum
915 3537 954 3579 est
972 3525 1044 3597 quod
1062 3525 1151 3580 nullus
1169 3538 1256 3581 teneat
1274 3528 1387 3598 porchos
1404 3529 1435 3581 ln
1453 3527 1556 3600 alpibus
1574 3530 1686 3583 mararie
1703 3541 1730 3583 et

568 3617 655 3671 noche
682 3615 823 3686 superioris
851 3627 877 3668 et
907 3613 1045 3668 inferioris.
1074 3613 1107 3668 Et
1125 3613 1171 3684 qui
1198 3613 1378 3668 contrafecerit
1398 3615 1484 3670 soluat
1502 3632 1549 3686 pro
1567 3617 1686 3688 quolibet
1704 3629 1730 3672 et

568 3703 685 3776 qualibet
702 3703 760 3756 vice
777 3701 826 3756 sol.
844 3701 970 3772 quinque.
989 3717 1032 3772 pp.
1050 3712 1077 3754 et
1094 3699 1205 3771 quilibet
1223 3701 1305 3773 possit
1321 3719 1462 3757 accusare.
1481 3715 1508 3757 et
1534 3703 1655 3759 consules
1673 3720 1729 3758 non

568 3792 669 3862 possint
687 3791 749 3844 dare
767 3788 915 3844 licenciam

607 3963 664 4018 34⁰·
683 3949 751 4002 Item
769 3959 897 4002 staturum
915 3959 954 4000 est
973 3957 999 4000 et
1016 3945 1170 4001 ordinatum
1187 3949 1260 4018 quod
1284 3947 1372 4019 aliqua
1390 3965 1502 4018 ρετςοιια
1520 3965 1576 4004 non
1595 3951 1677 4020 possit
1694 3961 1730 4005 te

570 4053 633 4090 nere
650 4051 739 4105 capras
757 4035 785 4088 in
804 4033 905 4104 alpibus
924 4051 973 4088 nec
991 4033 1021 4088 ln
1040 4034 1237 4088 commielibus
1256 4035 1369 4106 bugelle.
1387 4049 1506 4091 asancto
1520 4038 1634 4091 martino
1646 4055 1730 4110 usque

596 4225 628 4276 (t)
640 4224 699 4278 lem
712 4238 757 4280 esp.
772 4227 869 4280 seriptum
883 4235 929 4265 est:
944 4223 1018 4265 eata.

599 4295 628 4348 le)
644 4295 672 4348 (a)
688 4294 753 4350 Supte
766 4297 864 4350 scriptun
877 4305 922 4336 est:
940 4293 1005 4334 Vm.
