3918 5554
533 476 584 531 ²72

529 603 586 686 nen
604 587 686 657 possit
703 587 798 660 aliquis
816 587 919 646 Consul
937 589 999 644 dare
1016 588 1152 646 licentiam
1169 589 1228 646 sine
1245 604 1376 646 consessu
1395 587 1503 644 maioris
1516 589 1595 660 partis
1607 589 1695 644 becca-

532 689 644 728 norum.

568 849 609 903 23.
628 834 696 888 Item
714 835 786 905 quod
805 835 828 888 si
857 833 952 905 aliquis
970 833 1083 890 nuncius
1101 835 1205 889 domini
1224 835 1347 906 Episcopi
1365 834 1531 889 vercellensis
1549 833 1577 887 in
1607 833 1697 905 aliquo

531 921 575 975 die
593 922 726 992 prohibito
745 939 791 992 per
808 935 903 976 statuta
924 924 1037 992 predicta
1057 925 1199 993 requireret
1217 923 1348 978 Consules
1378 922 1557 977 beccariorum
1586 923 1618 976 de
1644 921 1697 976 ali·

454 1075 461 1086 ·
531 1009 626 1081 quibus
644 1010 765 1064 carnibus
783 1010 854 1081 quod
875 1010 1005 1064 Consules
1023 1011 1124 1081 possint
1142 1013 1204 1065 dare
1222 1011 1357 1064 licentiam
1376 1009 1415 1064 illi
1434 1011 1476 1064 cui
1496 1009 1630 1064 noluerint
1647 1025 1696 1063 oc-

530 1099 635 1152 cidendi
648 1099 742 1152 bestias
754 1098 787 1151 ad
800 1114 867 1170 opus
879 1099 984 1152 domini
996 1099 1119 1170 Episcopi
1133 1111 1245 1153 tannim.
1257 1099 1416 1152 Dummodo
1428 1113 1519 1152 carnes
1536 1096 1696 1152 sufficientes

530 1186 644 1241 domino
662 1185 793 1257 Episcopo
811 1186 839 1239 in
858 1187 975 1238 werria
993 1202 1049 1240 non
1068 1199 1162 1242 essent
1181 1187 1215 1240 Et
1232 1187 1304 1258 quod
1323 1186 1368 1240 ille
1386 1186 1429 1239 cui
1447 1187 1508 1240 data
1526 1185 1575 1240 erit
1592 1183 1699 1238 lieentia

532 1276 626 1328 debeat
644 1274 801 1344 consignare
819 1273 981 1328 Consulibus
998 1287 1087 1328 totum
1106 1274 1208 1328 lucmm
1227 1275 1299 1346 quod
1318 1274 1381 1328 inde
1398 1273 1496 1328 fecerit.
1515 1274 1548 1327 Et
1566 1273 1699 1328 Consules

532 1364 565 1417 de
583 1361 696 1416 consilio
714 1362 828 1416 aliorum
846 1362 959 1416 debeant
977 1379 1145 1416 remunerare
1162 1364 1250 1433 ipsum
1268 1363 1302 1415 de
1320 1361 1409 1416 labore
1430 1377 1487 1416 suo.
1516 1362 1550 1415 Et
1573 1363 1619 1432 qui
1637 1379 1699 1416 con·

530 1449 662 1504 traiecerit
679 1448 766 1504 soluat
784 1449 903 1502 bannum
922 1449 1070 1504 solidorum
1089 1449 1122 1503 X.
1141 1450 1306 1521 papiensium
1325 1450 1358 1503 Et
1376 1451 1466 1503 banno
1484 1448 1572 1504 soluto
1586 1448 1634 1504 Ille
1652 1451 1697 1521 qui

529 1555 585 1592 non
604 1537 772 1608 consignaret
790 1548 910 1591 teneatur
926 1537 1118 1591 nichilominus
1136 1539 1301 1610 consignare.

566 1627 636 1680 Huic
654 1637 744 1680 autem
762 1637 860 1679 statuto
878 1625 999 1679 additum
1017 1639 1056 1678 est
1074 1626 1154 1679 etiam
1173 1627 1206 1679 de
1224 1627 1351 1680 mandato
1369 1639 1395 1680 et
1426 1626 1564 1681 uoluntate
1592 1627 1696 1681 domini

530 1715 560 1770 L.
579 1713 701 1787 Episcopi
720 1713 885 1768 vercellensis
903 1715 975 1784 quod
994 1715 1084 1784 nuncii
1105 1727 1131 1768 et
1150 1715 1269 1769 Ceriales
1286 1713 1368 1786 ipsius
1386 1727 1412 1768 et
1430 1732 1611 1770 successorum
1630 1731 1696 1769 suo·

531 1820 590 1857 rum
609 1804 642 1857 de
660 1803 770 1856 licencia
788 1815 814 1856 et
832 1803 971 1856 uoluntate
989 1802 1070 1874 ipsius
1088 1802 1192 1856 domini
1210 1803 1333 1874 Episcopi
1351 1803 1409 1858 sine
1427 1802 1534 1857 alterius
1550 1803 1697 1858 licenciaet

530 1907 660 1946 consensu
679 1892 902 1963 quandocumque
920 1891 1021 1960 possint
1039 1889 1123 1945 iacere
1141 1891 1227 1944 occidi
1245 1892 1340 1945 bestias
1360 1903 1386 1944 et
1404 1890 1460 1944 lieri
1479 1907 1569 1946 earnes
1595 1908 1700 1946 vescen-

530 1981 576 2034 das
595 1993 621 2034 et
638 1980 833 2034 consumendas
851 1992 906 2033 tam
926 1979 953 2031 in
973 1979 1054 2032 Curia
1073 1979 1154 2048 ipsius
1173 1979 1276 2033 domini
1295 1980 1417 2051 Episcopi
1436 1996 1517 2051 quam
1549 1993 1621 2034 ntra
1650 1998 1699 2052 pro

530 2069 606 2122 libito
624 2080 650 2121 et
668 2069 805 2122 uoluntate
823 2068 905 2138 ipsius
923 2067 1026 2120 domini
1045 2067 1167 2138 Episcopi
1186 2067 1267 2121 libere
1285 2080 1311 2120 et
1329 2067 1440 2139 impune
1457 2069 1490 2122 ad
1510 2085 1586 2122 esum
1616 2068 1698 2141 ipsius

533 2156 636 2210 domini
655 2157 777 2226 Episcopi
796 2169 823 2209 et
840 2153 948 2209 familie.

567 2329 608 2380 24.
627 2314 695 2368 ltem
710 2315 783 2384 quod
802 2314 891 2367 nullus
910 2315 1042 2367 beccarius
1060 2328 1132 2367 emat
1149 2331 1178 2368 se
1195 2315 1294 2368 sciente
1311 2315 1427 2386 aliquam
1446 2316 1557 2370 bestiam
1578 2317 1612 2370 de
1641 2333 1693 2387 qua

530 2403 625 2473 aliquis
643 2403 700 2456 siue
717 2401 783 2455 alter
801 2402 933 2456 beccarius
951 2402 1053 2455 fecisset
1071 2402 1237 2456 merchatum
1261 2404 1294 2457 Et
1323 2404 1369 2474 qui
1400 2403 1582 2458 contrafecerit
1607 2403 1694 2457 soluat

532 2492 650 2543 bannum
669 2507 716 2560 pro
735 2489 851 2560 qualibet
870 2489 927 2541 uice
945 2489 1093 2543 solidorum
1111 2490 1143 2543 V.
1163 2491 1329 2561 papiensium
1348 2503 1374 2545 et
1393 2491 1511 2546 restituat
1528 2491 1567 2545 illi
1586 2491 1631 2562 qpi
1651 2491 1691 2544 ie-

533 2578 609 2631 cisset
627 2578 793 2630 merchatum
811 2578 958 2646 dampnum
977 2593 1055 2631 suum
1075 2579 1223 2632 dummodo
1241 2579 1297 2650 ipse
1315 2578 1424 2633 soluerit
1441 2578 1480 2632 illi
1498 2595 1514 2633 a
1532 2595 1587 2650 quo
1600 2579 1694 2634 emerit

531 2665 648 2736 precium
667 2665 736 2718 dicte
755 2664 836 2717 bestie
854 2666 1001 2718 secundum
1021 2680 1095 2736 pacta
1113 2683 1215 2720 eorum.

569 2839 610 2893 25.
629 2823 697 2877 Item
715 2835 843 2878 statutum
862 2837 901 2876 est
931 2836 957 2877 et
984 2825 1137 2878 ordinamm
1164 2825 1236 2894 quod
1264 2825 1353 2878 nullus
1382 2825 1514 2879 &ccafius
1541 2825 1635 2879 debeat
1655 2831 1699 2884 uel

532 2924 664 2983 presumat
683 2913 796 2965 vendere
814 2927 905 2965 carnes
923 2912 956 2964 de
974 2911 1033 2964 setis
1046 2913 1087 2982 (ι)
1106 2929 1154 2964 nec
1173 2912 1300 2966 Moltonis
1319 2929 1366 2982 pro
1381 2913 1502 2967 carnibus
1514 2913 1637 2967 Castroni
1650 2930 1699 2968 nec

532 3017 623 3053 carnes
640 2999 742 3070 aliquas
760 3001 793 3054 de
812 2999 909 3070 porclra
928 3017 976 3069 pro
995 3001 1115 3052 carnibus
1134 3001 1167 3052 de
1185 3000 1285 3068 porcho
1312 3001 1333 3054 si
1360 3017 1423 3054 eum
1441 3002 1647 3072 interrogaretur
1664 3003 1698 3055 de

530 3105 584 3159 quo
603 3100 670 3141 esset
687 3088 721 3141 Et
739 3088 784 3159 qui
803 3087 984 3141 contrafecerit
1002 3087 1087 3140 soluat
1106 3088 1224 3140 bannum
1238 3104 1286 3157 pro
1298 3089 1414 3158 qualibet
1428 3089 1486 3141 uice
1498 3089 1646 3144 solidorum
1660 3089 1695 3143 X.

531 3175 705 3246 papiensium.
724 3175 757 3229 Et
774 3175 885 3245 quilibet
903 3174 986 3244 possit
1003 3191 1131 3238 accusare,
1150 3187 1177 3228 et
1195 3187 1330 3228 accusator
1347 3187 1467 3229 terreatur
1485 3177 1572 3246 jurare
1583 3189 1609 3230 et
1621 3177 1697 3230 aliter

532 3279 588 3316 non
607 3263 695 3317 ualeat
710 3263 851 3316 accusatio.

568 3421 610 3476 26.
629 3423 697 3476 Item
716 3423 787 3492 quod
806 3421 917 3492 quilibet
935 3423 1067 3475 beccarius
1085 3423 1131 3493 qui
1158 3423 1237 3477 fuerit
1264 3422 1346 3477 lactus
1376 3423 1477 3478 Consul
1497 3425 1530 3478 de
1549 3441 1623 3478 nouo
1650 3425 1695 3494 qui

531 3527 669 3580 nunquam
688 3509 765 3562 luerit
783 3510 885 3563 Consul
903 3523 1023 3563 teneatur
1042 3510 1125 3564 lacere
1143 3528 1226 3565 vnum
1245 3510 1402 3565 conuiuium
1422 3512 1456 3566 de
1465 3513 1566 3566 duabus
1576 3513 1697 3566 carnibus

531 3611 558 3652 et
574 3600 608 3651 de
626 3598 790 3668 pertinentiis
808 3598 971 3650 Consulibus
989 3599 1195 3668 precedentibus,
1213 3599 1266 3652 hoc
1284 3611 1403 3654 tenentur
1422 3599 1506 3654 lacere
1524 3600 1591 3654 inim
1616 3617 1694 3653 suum

532 3685 710 3741 Consulatum
728 3685 757 3738 in
776 3687 864 3740 banno
882 3685 1030 3739 solidorum
1048 3685 1110 3739 XX.
1129 3687 1294 3756 papiensium
1316 3688 1388 3758 quod
1416 3690 1535 3742 bannum
1562 3687 1695 3760 pemeniat

532 3774 560 3828 in
580 3774 704 3846 eollegr'o
723 3774 756 3829 Et
774 3773 905 3828 Consules
925 3787 1025 3827 ueteres
1043 3785 1182 3828 teneantur
1200 3775 1367 3829 denunciare.

569 3967 610 4022 27.
630 3953 698 4006 Item
716 3951 789 4022 qnod
808 3951 898 4006 nullus
916 3951 1049 4005 beccerim
1067 3953 1160 4005 debeat
1178 3951 1220 4004 uel
1240 3964 1373 4022 presumat
1390 3953 1512 4025 sbogiare
1524 3970 1573 4008 nec
1586 3969 1697 4008 uacuare

532 4057 581 4096 nec
599 4041 715 4112 sbogiari
733 4056 782 4094 nec
800 4040 907 4094 uacuari
925 4039 1009 4094 facere
1026 4039 1135 4110 aliquod
1154 4052 1293 4094 meantum
1312 4040 1422 4096 alicuius
1441 4042 1522 4096 bestie
1540 4041 1568 4096 in
1582 4043 1698 4097 beccaria

558 4216 590 4267 (r)
602 4214 643 4264 Sic,
658 4215 694 4256 sed
708 4214 778 4256 lemen
792 4217 867 4257 rectius
882 4215 991 4270 legendum
1004 4223 1073 4256 essa:
1084 4213 1131 4268 sciis
1143 4216 1224 4269 (pecua,
1239 4228 1263 4256 en
1276 4227 1328 4256 vace
1338 4215 1373 4269 sec
1395 4215 1428 4256 vel
1447 4214 1505 4269 ssia,
1518 4214 1623 4256 macuti
1638 4215 1698 4271 pede·

531 4286 642 4339 ml>
