3926 5542
518 525 567 590 148

514 646 634 716 tegrandi
664 644 793 698 ambobus
811 645 845 696 de
862 643 972 714 Bugella
990 643 1099 696 testibus
1117 643 1150 696 ad
1169 640 1294 712 premissa
1311 639 1411 694 voeatis
1439 639 1510 694 notis
1527 651 1554 694 et
1571 640 1678 712 rogatis

514 735 547 787 Et
566 750 613 804 pro
631 733 747 786 secundo
766 733 870 784 notario
889 731 1007 785 interfuit
1033 731 1131 784 nobilis
1158 742 1246 802 petrus
1272 728 1343 784 lilius
1361 728 1466 784 Nobilis
1489 728 1625 800 Thomenj
1645 729 1679 784 de

513 821 634 876 rosellate
652 821 770 874 notarius
788 821 908 890 publicus
926 819 1096 890 de.Bugella

547 910 606 978 Ego
624 909 789 962 lohanninus
808 907 877 960 iilius
895 908 1031 977 quondam
1051 907 1180 975 Ludouicj
1201 905 1319 960 Cabanie
1337 906 1370 960 de
1388 905 1498 978 Bugella
1511 905 1678 960 verocllettsis

511 996 645 1065 diocessijs
664 995 783 1064 publicus
798 994 932 1064 Jmpen'ali
951 994 1106 1048 auctoritate
1124 993 1241 1048 notarius
1259 993 1395 1064 scribique
1414 993 1495 1047 Curie
1514 992 1677 1064 prefatorum

511 1084 684 1137 dominorum
703 1083 818 1152 Clanarij
838 1095 864 1136 et
882 1081 1023 1136 consulum
1042 1081 1164 1134 comunis
1183 1080 1293 1150 bugelle
1311 1081 1377 1134 dum
1394 1080 1599 1150 suprascriptum
1617 1093 1674 1134 ata-

512 1183 600 1224 tutum
609 1170 809 1222 ordinacionem
822 1169 1031 1222 declaracionem
1044 1167 1247 1220 limittacionem
1260 1179 1287 1220 et
1299 1167 1519 1220 reformationem
1532 1185 1578 1237 per
1590 1185 1677 1238 supra-

512 1259 665 1310 nominatos
677 1254 836 1325 spectabiles
847 1257 972 1310 dominos
986 1255 1140 1309 Clanarium
1151 1255 1281 1308 Consules
1293 1267 1320 1308 et
1332 1255 1515 1308 credendan'os
1527 1267 1556 1308 vt
1572 1257 1676 1326 premit-

511 1345 575 1399 titur
587 1344 680 1396 fierent
692 1356 718 1396 et
730 1345 906 1396 conderentur
918 1345 948 1397 ln
962 1345 1039 1412 plena
1051 1343 1187 1396 credentia
1199 1343 1374 1412 publicationi
1387 1359 1439 1412 que
1452 1343 1573 1396 eiusdem
1585 1346 1674 1397 staniti

511 1433 560 1486 sub
574 1449 645 1484 anno
658 1447 749 1484 mense
762 1431 805 1483 die
817 1443 843 1482 et
855 1432 1018 1500 presentibus
1032 1431 1128 1499 quibus
1146 1445 1222 1499 supra
1235 1429 1301 1482 facte
1314 1446 1419 1500 presens
1431 1429 1469 1482 fui
1482 1440 1508 1483 et
1520 1431 1625 1500 interfuj
1639 1431 1677 1502 ip·

510 1509 762 1591 sumque'statutum
775 1518 975 1570 ordinacionem
984 1517 1194 1570 declaracionem
1204 1517 1407 1570 limittacionem
1418 1529 1445 1570 et
1453 1516 1675 1572 reformationem

510 1610 582 1676 jussu
595 1619 621 1660 et
633 1607 759 1658 mandato
769 1604 928 1673 prelatorum
939 1606 1111 1657 dominorum
1121 1604 1236 1675 Clauarij
1248 1604 1398 1658 Consulum
1407 1616 1434 1658 et
1442 1605 1674 1670 credendariorum

511 1695 594 1764 recepi
606 1705 633 1746 et
644 1693 733 1760 scripsi
747 1693 885 1763 ipsumque
898 1705 1025 1744 statutum
1038 1693 1065 1744 in
1079 1691 1216 1748 volumine
1226 1704 1384 1744 statutorum
1394 1693 1516 1745 comunis
1526 1693 1636 1764 Bugelle
1647 1705 1674 1748 et

510 1783 538 1835 in
552 1779 664 1850 presenti
677 1781 743 1832 libro
757 1779 937 1832 sacramentali
952 1779 1105 1847 Spectabilis
1117 1779 1220 1831 domini
1234 1779 1368 1847 potestatis
1378 1780 1546 1848 incorporaui
1556 1791 1583 1832 et
1592 1797 1674 1834 manu

510 1868 613 1937 propria
631 1867 720 1936 scripsi
740 1866 806 1920 iacta
824 1867 910 1919 debita
929 1867 1075 1919 collacione
1093 1878 1126 1946 et·
1138 1865 1315 1936 liquidacione
1332 1867 1498 1936 suprascripti
1510 1868 1600 1920 statuti
1612 1884 1674 1922 cunt

510 1956 669 2024 compendio
679 1967 705 2007 et
713 1954 852 2007 dittamine
861 1970 922 2006 cum
933 1955 1016 2006 nobili
1026 1965 1099 2022 petro
1109 1954 1142 2006 de
1151 1953 1272 2006 rosellate
1281 1954 1385 2007 notario
1397 1953 1561 2024 infrascripto
1569 1955 1674 2026 legente

510 2055 536 2095 et
549 2059 592 2094 me
604 2041 749 2094 ascultante
761 2051 891 2112 utrunque
903 2040 1063 2094 concordare
1082 2041 1235 2092 inuenimus
1253 2041 1286 2092 Et
1305 2040 1332 2091 in
1345 2042 1425 2092 verbo
1438 2041 1553 2094 veritatis
1562 2058 1593 2094 ac
1605 2043 1674 2096 terti-

511 2131 633 2182 monium
653 2129 840 2197 premissorum
860 2129 903 2180 hic
922 2145 966 2180 me
984 2129 1121 2196 subscripsi
1147 2145 1209 2180 cum
1237 2127 1406 2196 apposicione
1432 2129 1502 2182 soliti
1522 2129 1591 2200 signi
1610 2147 1673 2200 tney

509 2215 714 2268 tlrabellionatus
732 2217 760 2267 in
779 2215 860 2268 fidem
879 2217 1002 2268 omnium
1022 2229 1048 2268 et
1067 2215 1235 2282 singulorum
1253 2216 1450 2284 premissorum.

544 2304 603 2372 Ego
622 2315 709 2372 petrus
728 2301 797 2354 lilius
815 2303 912 2354 nobilis
931 2301 1066 2370 Thomenj
1087 2304 1120 2354 de
1138 2302 1273 2355 rouerlate
1291 2304 1324 2356 de
1338 2303 1443 2372 bugella
1455 2304 1576 2374 publicus
1585 2305 1672 2376 Jntpe·

509 2389 566 2442 riali
585 2390 739 2441 auctoritate
758 2389 875 2442 notarius
893 2401 919 2441 et
937 2390 1072 2442 conscriba
1091 2390 1172 2442 Curie
1191 2389 1352 2458 prefatorum
1371 2390 1543 2444 dominorum
1563 2392 1669 2462 clauarij

509 2490 536 2529 et
554 2477 694 2528 consulum
713 2477 845 2528 Comunis
864 2476 968 2546 bugellc
987 2478 1052 2529 dum
1071 2478 1276 2546 suprascriptum
1295 2489 1422 2530 statutum
1441 2477 1515 2532 fieret
1532 2491 1559 2532 et
1576 2481 1672 2534 conde·

510 2577 580 2616 retur
598 2563 771 2633 publicacionj
792 2581 844 2634 que
862 2581 909 2633 pro
928 2565 1044 2616 secondo
1062 2566 1166 2617 notario
1185 2581 1290 2634 presens
1309 2564 1415 2618 interfui
1434 2563 1500 2618 sacta
1518 2577 1608 2620 tamen
1627 2567 1670 2620 de·

510 2650 563 2702 bita
581 2649 757 2719 liquidacione
775 2651 808 2702 de
826 2651 888 2719 ipsis
906 2663 984 2720 prout
1002 2667 1079 2720 supra
1097 2652 1223 2720 scriptum
1242 2664 1280 2704 est
1296 2652 1324 2704 in
1337 2651 1418 2706 fidem
1429 2653 1553 2708 omnium
1565 2655 1672 2723 premis·

508 2754 598 2790 sonim
617 2737 661 2790 hic
678 2755 723 2790 me
740 2737 879 2808 subscripsi
899 2755 961 2792 cum
978 2738 1145 2809 appositione
1162 2739 1234 2792 soliti
1252 2741 1322 2810 signi
1341 2757 1404 2811 mey
1421 2740 1615 2794 tabellionatus
