3926 5542
521 383 571 456 176

519 524 584 562 uero
602 523 656 578 quo
674 507 707 560 ad
725 507 899 562 abscisionem
918 525 974 562 nou
992 525 1046 580 quo
1064 509 1097 562 ad
1116 508 1333 564 debilitationem.
1347 511 1380 564 Et
1392 509 1509 566 offensus
1522 512 1550 566 in
1563 511 1681 583 quolibet

517 612 578 650 casu
597 613 630 650 ex
648 595 769 665 predictis
786 596 881 650 habeat
893 609 1013 667 quartam
1026 609 1127 668 partem
1137 598 1205 652 dicte
1227 615 1295 669 pene
1308 599 1458 670 peotniarie
1470 617 1523 671 que
1534 600 1682 671 exigeretur

519 683 648 756 predictis.

420 847 427 856 ·
522 846 571 893 to.
596 825 645 892 De
668 847 749 913 pena
771 827 966 894 comittentis
989 824 1198 894 homicidium
1220 845 1252 894 et
1275 825 1455 894 mandantis
1467 844 1499 895 et
1513 828 1682 915 prestantis

563 952 670 1019 opem.

554 1037 622 1090 ltem
640 1047 767 1090 stamnum
786 1037 915 1106 estquod
934 1037 956 1089 si
974 1038 1034 1107 quis
1053 1037 1201 1090 comisserit
1218 1037 1395 1091 homicidium
1407 1053 1469 1091 cum
1488 1037 1578 1109 aliquo
1586 1055 1684 1109 genere

519 1141 654 1178 armorum
672 1125 716 1178 uel
734 1124 809 1178 aliter
827 1125 1005 1195 precipitendo
1024 1125 1073 1177 sibi
1092 1137 1169 1194 caput
1187 1125 1339 1178 absindatur
1357 1125 1443 1178 taliter
1460 1127 1533 1196 quod
1547 1143 1562 1178 a
1575 1142 1684 1196 corpore

518 1223 651 1281 separetur
667 1223 694 1264 et
712 1212 816 1281 penitus
834 1212 969 1275 moriatur,
979 1228 1031 1281 que
1049 1228 1117 1281 pena
1129 1227 1185 1264 non
1198 1211 1321 1266 uendicet
1332 1212 1382 1266 sibi
1395 1213 1485 1266 locum
1497 1213 1684 1266 idmiaoribus

519 1299 660 1353 duodecim
678 1299 763 1362 annis,
781 1299 826 1352 sed
845 1299 1033 1369 peccuniariter
1045 1300 1169 1369 puniatur
1190 1299 1315 1353 uidelicet
1335 1300 1443 1353 arbitrio
1455 1301 1628 1354 dominorum
1640 1316 1685 1370 po-

519 1387 626 1451 testatis,
645 1387 751 1442 Clauari
769 1399 796 1439 et
813 1388 954 1440 consulum
971 1387 1087 1456 inspecta
1105 1387 1231 1458 qualitate
1258 1405 1370 1458 persone
1387 1400 1414 1441 et
1431 1388 1528 1442 delicti.
1549 1388 1583 1442 Et
1603 1389 1685 1442 simili

519 1492 587 1544 pena
605 1475 729 1544 puniatur
745 1475 875 1528 mandans
892 1475 1070 1529 homicidium
1087 1475 1190 1528 comitti
1209 1475 1252 1528 uel
1270 1474 1326 1528 fieri
1345 1488 1371 1528 et
1382 1488 1499 1546 prestans
1510 1475 1623 1530 scienter
1634 1492 1683 1530 co-

520 1563 636 1616 mittenti
654 1562 783 1616 auxilium
802 1562 958 1616 conscilium
979 1575 1005 1615 et
1027 1562 1145 1616 fauorem
1164 1563 1197 1616 Et
1209 1563 1290 1616 etiam
1303 1579 1360 1616 non
1371 1563 1493 1617 vendicet
1501 1563 1551 1616 sibi
1563 1563 1685 1618 locumsi

520 1651 630 1704 cccissus
648 1663 715 1704 esset
733 1651 857 1704 bannitus
875 1651 908 1704 de
926 1651 1015 1722 aliquo
1034 1650 1166 1704 maleficio
1183 1651 1216 1704 ad
1236 1662 1351 1704 mortem
1369 1651 1412 1703 uel
1430 1651 1498 1704 side
1510 1663 1589 1704 nocte
1609 1651 1683 1704 occi-

520 1739 585 1792 dens
602 1755 665 1792 eum
683 1740 816 1793 inuenerit
833 1739 865 1792 ad
884 1756 995 1792 uxorem
1013 1738 1057 1792 uel
1075 1739 1107 1792 ad
1125 1755 1244 1792 sororem
1263 1739 1305 1792 uel
1324 1738 1407 1792 filiam
1432 1737 1476 1792 uel
1502 1751 1616 1792 manem
1633 1751 1685 1792 tur·

520 1827 587 1898 piter
605 1825 647 1880 uel
666 1826 738 1880 malo
756 1827 850 1880 ordine
868 1843 930 1880 cum
948 1828 986 1881 eis
1004 1826 1048 1879 uel
1066 1843 1128 1880 cum
1146 1827 1234 1897 aliqua
1246 1843 1338 1879 earum
1355 1837 1470 1880 stantem
1489 1826 1532 1880 uel
1544 1825 1684 1880 furantem.

521 1915 626 1978 Quibus
644 1915 746 1969 casibus
765 1915 808 1968 uel
826 1915 916 1987 aliquo
934 1931 1028 1969 eorum
1047 1914 1158 1985 impune
1175 1915 1260 1968 occidi
1280 1915 1322 1968 uel
1340 1913 1440 1968 offendi
1459 1915 1548 1985 possit

526 2075 575 2120 ιι.
599 2055 649 2120 De
671 2075 753 2142 pena
775 2055 1021 2122 assasinatorum
1045 2072 1076 2121 et
1099 2051 1326 2120 ueneficomm.

556 2159 624 2212 Item
642 2171 768 2212 statutum
788 2171 834 2212 est.
853 2160 935 2222 Quod
953 2161 975 2212 si
993 2160 1052 2230 quis
1070 2159 1253 2212 assasinauerit
1271 2157 1309 2211 sei
1327 2158 1499 2212 uenenauerit
1516 2175 1563 2212 seu
1576 2159 1684 2213 atosica·

522 2248 590 2300 uerit
607 2248 640 2300 ad
659 2248 796 2300 istanciam
815 2247 921 2300 alterius
939 2247 981 2300 uel
1001 2248 1106 2318 proprio
1125 2259 1209 2300 motu.
1228 2247 1267 2300 Ea
1297 2264 1349 2318 qua
1367 2247 1556 2301 assasiuatioue
1573 2264 1687 2301 uenena-

521 2335 596 2388 tione
614 2335 657 2388 uel
676 2336 859 2388 attosicatione
878 2353 949 2388 mors
967 2337 1104 2388 subsecuta
1123 2335 1207 2388 suerit.
1221 2335 1385 2388 Straxinetur
1402 2335 1435 2388 ad
1448 2335 1559 2388 caudam
1578 2336 1686 2406 equits·

522 2422 573 2476 sini
591 2423 635 2476 uel
654 2423 720 2476 muli
739 2441 784 2492 per
801 2435 897 2476 tetram
917 2402 1026 2493 Eugelle
1044 2439 1126 2492 usque
1144 2424 1177 2476 ad
1195 2423 1285 2477 locum
1304 2424 1406 2476 iusticie
1423 2436 1450 2476 et
1476 2424 1512 2476 ibi
1531 2425 1564 2477 ad
1582 2422 1686 2477 furchas

523 2510 617 2580 laqueo
635 2512 809 2580 suspendatur
826 2512 861 2564 ita
879 2512 951 2580 quod
970 2511 1075 2580 penitus
1093 2512 1228 2564 moriatur.
1247 2511 1276 2563 Si
1294 2527 1359 2563 uero
1378 2527 1450 2564 mors
1467 2527 1524 2564 non
1537 2509 1616 2564 luerit
1627 2511 1687 2564 sub-

522 2611 610 2651 secuta
628 2611 691 2650 tunc
710 2599 919 2668 condempnetur
936 2599 964 2651 in
983 2598 1056 2650 libris
1075 2599 1148 2652 Mille
1166 2599 1339 2668 papiensium.
1367 2599 1459 2661 Quam
1483 2597 1505 2650 si
1527 2615 1583 2651 non
1599 2609 1686 2668 potest

522 2685 625 2739 soluere
643 2684 711 2738 infra
729 2686 874 2738 terminum
893 2686 942 2738 sibi
961 2698 1088 2738 statutum
1112 2687 1140 2739 in
1159 2687 1400 2755 condempnatione
1413 2687 1446 2739 de
1458 2685 1516 2755 ipso
1529 2684 1624 2750 fienda,
1633 2703 1688 2739 am·

524 2785 629 2843 putetur
646 2774 695 2825 sibi
714 2790 809 2826 manus
827 2774 912 2826 destra
934 2774 1020 2826 taliter
1037 2775 1108 2844 quod
1138 2791 1154 2826 a
1173 2774 1280 2828 brachio
1298 2787 1438 2844 separetur.
1457 2774 1491 2827 Et
1508 2774 1602 2827 eadem
1620 2791 1687 2844 pena

525 2861 649 2931 puniatur
667 2861 796 2914 mandans
809 2861 923 2930 predicta
936 2860 991 2913 fieri
1011 2861 1053 2914 uel
1073 2873 1189 2930 prestans
1203 2862 1315 2915 scienter
1327 2862 1476 2916 comittenti
1488 2861 1618 2915 auxilium
1627 2878 1688 2916 con·

525 2948 630 3017 scilium
649 2947 691 3001 uel
711 2947 838 3002 fauorem.

528 3143 577 3190 12.
601 3125 650 3190 De
674 3145 754 3209 pena
777 3124 974 3210 euaginantis
998 3122 1148 3210 gladium.

560 3230 626 3282 ltem
645 3241 772 3282 statutum
790 3230 918 3298 estquod
938 3230 959 3281 si
977 3230 1036 3297 quis
1055 3229 1081 3280 in
1108 3228 1194 3298 aliqua
1216 3229 1269 3281 rixa
1281 3229 1322 3281 uel
1342 3229 1561 3299 appliganciaseu
1581 3245 1688 3282 rumore

524 3317 706 3388 euaginauen't
723 3311 843 3386 gladium
862 3316 904 3369 uel
924 3316 1047 3368 cutellam
1066 3332 1111 3368 seu
1130 3333 1220 3368 ensem
1241 3316 1283 3369 uel
1302 3315 1354 3369 alia
1371 3333 1445 3369 arma
1468 3316 1529 3370 licet
1541 3329 1633 3370 contra
1644 3316 1688 3370 atli-

524 3422 606 3475 quem
624 3421 678 3458 non
698 3405 845 3457 emauuerit
864 3405 988 3472 puniatur
1006 3403 1034 3455 in
1053 3403 1125 3456 libris
1143 3404 1318 3473 papiensium.

528 3567 577 3633 13.
601 3546 651 3612 De
674 3566 755 3632 pena
776 3545 940 3611 inuitantis
962 3543 1101 3632 aliquem
1123 3542 1164 3610 ad
1186 3542 1328 3612 duellum
1351 3543 1404 3611 uel
1425 3543 1546 3612 bellum
1568 3544 1621 3612 uel
1636 3563 1688 3612 at-

568 3667 780 3717 tricationem.

559 3757 627 3810 ltem
645 3767 773 3810 statutum
791 3767 830 3808 est
847 3755 919 3826 quod
938 3756 1019 3826 siquis
1036 3756 1065 3808 in
1086 3756 1174 3826 aliqua
1186 3756 1385 3826 contemptione
1397 3755 1690 3827 seuappligantiainui·

524 3845 620 3900 tauetit
637 3845 753 3915 aliquem
772 3843 804 3897 ad
823 3844 936 3915 prelium
955 3844 998 3896 uel
1018 3843 1137 3897 duellum
1157 3843 1200 3896 uel
1209 3844 1411 3907 attricationem‚
1421 3843 1544 3898 Dicendo
1553 3860 1644 3897 mutus
1657 3844 1690 3896 ad

525 3945 629 4004 portam
647 3933 690 3985 uel
708 3933 843 3986 trahamus
861 3949 911 3985 uos
928 3950 944 3985 a
963 3945 1035 4002 parte
1052 3949 1087 3985 ne
1117 3931 1212 4002 aliquis
1230 3932 1357 4001 impediat
1374 3948 1424 3984 nos
1442 3932 1486 3985 uel
1513 3932 1564 3986 alia
1592 3931 1689 3984 similia

499 4043 504 4055 ·
525 4022 605 4075 uerba
623 4037 675 4092 que
693 4021 746 4072 sint
763 4033 822 4089 apta
840 4021 873 4074 ad
892 4037 1027 4074 rumorem
1046 4019 1089 4072 uel
1108 4020 1300 4090 appliganciam
1314 4019 1356 4072 uel
1375 4019 1496 4072 duellum
1508 4020 1689 4073 inducendum

527 4108 651 4179 puniatur
668 4108 697 4160 in
715 4108 789 4160 libris
808 4109 904 4177 uiginti
922 4109 1088 4179 papiensium
1106 4107 1141 4161 Et
1157 4109 1179 4161 si
1198 4109 1325 4160 inuitatus
1342 4109 1516 4178 aceeptauerit
1528 4107 1638 4161 inlibris
1647 4108 1690 4160 de·

526 4213 585 4251 cem
603 4211 651 4268 pro
669 4194 785 4266 qualibet
803 4196 868 4249 uice.
