3958 5540
551 485 583 552 56

546 603 693 658 hedificetis
703 604 747 657 221
759 605 881 674 plantatis
892 621 945 676 que
955 603 1057 675 possint
1068 604 1170 658 vastari.
1182 604 1216 658 Et
1228 605 1273 674 qui
1286 603 1475 658 contrafecerit.
1486 603 1579 660 Soiuat
1590 603 1710 658 bennuin

547 692 615 746 sicut
632 692 675 762 aiij
696 693 827 746 homines
846 694 890 762 (1)
908 705 934 746 et
951 693 1023 763 quod
1041 693 1163 746 consules
1180 709 1236 746 non
1254 693 1356 762 possint
1373 693 1435 746 dare
1453 692 1587 746 licentiam
1604 692 1648 762 (r)
1662 691 1710 762 (a)

545 779 597 834 nisi
615 779 709 833 uolens
726 791 815 834 tenere
832 780 923 834 iurent
940 780 1012 850 quod
1029 779 1129 834 babent
1145 796 1226 833 enam
1244 781 1277 833 de
1295 779 1417 850 predictis
1434 779 1519 834 causis
1537 780 1588 848 (2).

582 936 641 1006 289.
660 937 727 990 Item
745 949 873 991 statutum
899 938 1027 1008 estquod
1055 936 1144 991 nullus
1170 937 1263 991 debeat
1289 937 1384 991 2122222
1401 937 1519 1007 aliquam
1548 935 1659 990 bestiam
1677 936 1710 989 ad

546 1025 706 1092 pascendum
725 1041 740 1076 a
758 1036 849 1078 sancto
867 1025 995 1077 eussebio.
1015 1037 1041 1076 et
1058 1041 1074 1076 a
1092 1023 1163 1076 volta
1181 1023 1236 1093 ripe
1265 1024 1381 1077 inferius
1409 1036 1436 1077 et
1456 1025 1503 1094 qui
1530 1023 1711 1076 contrafecerit

545 1109 639 1163 soluat
658 1111 784 1164 bannum.
803 1111 851 1165 sol.
870 1111 902 1164 ii.
921 1128 969 1182 pro
987 1109 1103 1182 qualibet
1121 1111 1210 1163 bestia
1229 1128 1244 1163 a
1263 1111 1389 1164 Kalendis
1407 1111 1480 1181 maij.
1499 1127 1583 1180 usque
1601 1111 1635 1163 ad
1652 1126 1711 1164 san·

545 1209 618 1250 22222
636 1198 805 1252 michaeilem
823 1199 874 1252 nisi
892 1198 970 1252 fuerit
988 1199 1070 1252 batia
1088 1213 1140 1268 que
1158 1197 1266 1252 laboret
1282 1199 1316 1252 Et
1334 1197 1455 1252 consules
1467 1213 1522 1251 non
1535 1199 1637 1268 possint
1649 1198 1711 1250 dare

546 1285 694 1340 licenciam.

581 1439 642 1495 292.
660 1424 703 1494 (3)
721 1425 790 1478 Item
806 1413 992 1478 stammm'eet
1008 1425 1081 1495 quod
1098 1423 1121 1478 si
1139 1425 1227 1496 aliqua
1244 1425 1326 1478 bestia
1344 1423 1423 1478 iuuerit
1439 1424 1546 1478 inventa
1565 1439 1669 1494 pescate
1680 1423 1708 1476 in

545 1509 648 1565 fossatis
665 1512 699 1565 de
716 1510 805 1582 plano.
823 1511 910 1566 soluat
927 1513 1054 1566 bannum
1072 1511 1121 1566 sol.
1140 1511 1173 1566 ii.
1192 1523 1220 1566 et
1237 1511 1359 1566 consules
1385 1526 1442 1565 non
1469 1511 1571 1581 possint
1591 1511 1654 1564 dare
1672 1510 1707 1564 li-

545 1614 673 1652 cenetam

581 1751 641 1806 291.
659 1735 727 1790 item
744 1747 872 1790 statutum
890 1748 929 1790 est
947 1737 1019 1807 quod
1037 1737 1081 1807 qui
1101 1736 1179 1790 luerit
1196 1737 1323 1790 Inventus
1341 1747 1413 1790 extra
1432 1734 1566 1806 bugellam
1584 1735 1617 1789 de
1631 1747 1710 1789 nocte

545 1824 578 1876 ad
597 1825 757 1892 pascendum
775 1841 837 1877 cum
856 1823 986 1894 aliquibus
1005 1823 1095 1894 bestijs
1113 1824 1156 1876 uel
1181 1835 1260 1876 staret
1277 1835 1349 1876 extra
1377 1835 1435 1893 post
1452 1839 1599 1893 conponam
1617 1833 1709 1876 custo-

544 1911 610 1964 dum
628 1911 658 1964 12
677 1911 778 1981 pascuis
796 1911 882 1964 soluat
901 1912 1027 1964 bannum.
1046 1909 1094 1964 sol.
1116 1910 1173 1964 XX.
1193 1927 1241 1981 pro
1253 1909 1370 1979 qualibet
1388 1911 1452 1963 vice.
1466 1910 1517 1964 nisi
1529 1921 1616 1962 essent
1628 1911 1710 1962 boues

545 1998 665 2050 iuniores
683 2014 745 2052 cum
763 2015 845 2052 curro.

717 2327 766 2382 DE
784 2327 925 2384 DAPNIS.
945 2325 1109 2382 GUASTIS.
1128 2325 1176 2381 ET
1195 2325 1333 2382 FURTiS.
1353 2357 1385 2368 -
1406 2327 1437 2381 tt
1455 2326 1542 2382 XVII.

581 2586 640 2643 292.
659 2571 793 2625 Statumm
811 2583 850 2625 est
877 2571 949 2642 quod
967 2571 990 2625 si
1006 2572 1204 2626 combureretur
1229 2569 1318 2643 aliqua
1345 2571 1443 2626 domus
1468 2569 1511 2625 uei
1539 2571 1640 2625 2222122
1663 2587 1709 2625 seu

544 2671 645 2714 tectum
664 2659 706 2712 221
725 2659 802 2713 blaua
821 2659 864 2713 uel
882 2658 974 2712 senum
1002 2659 1045 2712 uel
1072 2660 1146 2730 palea
1164 2659 1208 2713 uel
1226 2660 1249 2712 si
1268 2659 1429 2712 incideretur
1454 2658 1542 2729 aliqua
1568 2660 1647 2712 21222
1665 2657 1710 2712 221

544 2747 642 2800 incissa
660 2763 706 2800 seu
724 2758 825 2800 ruscata
844 2746 921 2799 luerit
939 2746 1026 2816 aliqua
1044 2747 1122 2799 arbor
1139 2746 1182 2799 uel
1201 2745 1278 2800 blaua
1295 2746 1339 2799 uei
1358 2762 1457 2799 222222
1474 2744 1518 2798 221
1536 2745 1558 2798 si
1576 2745 1711 2799 occidetur

545 2833 588 2888 uel
606 2833 829 2903 mangagnabitur
846 2832 934 2903 aliqua
952 2833 1034 2885 bestia
1052 2832 1095 2885 221
1114 2834 1136 2886 si
1152 2833 1330 2887 deuastabitur
1341 2833 1443 2886 vinum
1456 2833 1655 2886 incaneuaturn
1665 2831 1708 2884 uel

544 2921 566 2974 si
585 2920 683 2974 factum
702 2919 779 2972 fuerit
797 2919 904 2989 aliquod
923 2920 1069 2988 dampnum
1087 2919 1131 2972 uel
1149 2931 1273 2990 guastum
1291 2919 1360 2974 clam
1378 2919 1422 2973 uel
1439 2919 1542 2972 occulte
1554 2935 1600 2972 seu
1613 2918 1710 2972 furtiue

546 3007 625 3060 alicui
644 3006 749 3059 homini
768 3005 811 3058 uel
830 3005 935 3059 mulieri
954 3006 987 3059 de
1006 3005 1111 3077 bugella
1124 3007 1166 3075 (4)
1180 3007 1223 3060 uei
1237 3007 1366 3060 habitanti
1379 3007 1408 3059 in
1420 3005 1526 3076 bugella
1538 3007 1581 3075 (4)
1594 3005 1709 3060 soluenti

544 3106 571 3147 et
588 3094 744 3146 substinenti
763 3092 837 3145 iodra
855 3105 881 3146 et
908 3093 982 3146 dacia
999 3105 1026 3146 22
1043 3094 1136 3148 omnia
1162 3094 1264 3147 honera
1290 3111 1352 3148 cum
1370 3093 1480 3148 comuni
1508 3104 1535 3146 et
1552 3093 1708 3147 hominibus

544 3180 657 3251 bugeile
676 3191 703 3232 et
721 3179 776 3249 ipse
794 3179 838 3232 uel
856 3179 905 3249 ipsi
923 3181 967 3234 cui
985 3180 1029 3233 uel
1048 3181 1143 3250 quibus
1161 3181 1309 3250 dampnum
1327 3179 1425 3234 iacmm
1444 3179 1522 3234 fuerit
1534 3179 1663 3234 iurauerit
1675 3180 1709 3234 ad

543 3278 633 3320 sancta
650 3266 694 3320 dei
708 3266 847 3336 euangelia
858 3266 931 3336 quod
944 3267 1056 3320 nesciuit
1068 3267 1127 3338 quis
1139 3267 1189 3320 sibi
1202 3267 1254 3320 hoc
1266 3267 1413 3337 dampnum
1427 3265 1524 3320 iecerit.
1537 3267 1571 3322 Et
1584 3268 1606 3320 si
1618 3265 1709 3337 aliquo

543 3366 663 3423 tempore
681 3353 802 3406 habuerit
819 3353 936 3423 aliquam
955 3354 1153 3408 restitucIonem
1172 3355 1205 3408 de
1223 3354 1281 3424 ipso
1299 3354 1416 3422 dampno
1429 3354 1501 3423 quod
1520 3370 1579 3406 eam
1598 3355 1709 3408 rendent

543 3455 570 3494 et
587 3441 725 3495 restituent
743 3440 852 3493 comuni
871 3440 977 3510 bugeile
991 3441 1063 3510 quod
1075 3442 1162 3510 ipsum
1173 3442 1320 3510 dampnum
1332 3442 1470 3495 2221222222
1481 3457 1528 3510 per
1545 3442 1708 3496 estimatoree

543 3528 666 3582 comunis
684 3526 797 3596 bugelle.
816 3526 859 3580 uel
877 3525 943 3579 aiios
962 3528 1047 3580 bonos
1064 3527 1189 3581 homines
1206 3528 1239 3582 ad
1258 3528 1310 3582 boc
1328 3529 1466 3598 deputatos
1483 3527 1529 3598 qui
1547 3528 1630 3582 sciant
1641 3527 1708 3582 iilud

543 3616 698 3684 dampnum.
717 3614 751 3666 Et
768 3613 918 3666 restituatur
935 3624 1023 3668 totum
1041 3614 1107 3668 illud
1126 3615 1272 3684 dampnum
1290 3615 1330 3670 ilii
1358 3616 1402 3668 221
1419 3613 1472 3668 illis
1489 3615 1533 3668 cui
1552 3615 1594 3668 221
1613 3615 1709 3685 quibus

542 3701 641 3755 laenam
659 3700 744 3754 fuerit
763 3717 778 3752 a
796 3701 905 3754 comuni
935 3701 1049 3772 bugeile
1077 3700 1147 3754 infru
1175 3715 1280 3772 tempus
1306 3702 1388 3772 ipsius
1415 3701 1574 3756 consulatue
1593 3703 1636 3772 (5)
1654 3701 1706 3755 nisi

542 3788 616 3842 fieret
634 3800 754 3858 tempore
771 3803 866 3858 guerre
892 3804 940 3857 pro
967 3787 1076 3842 rebelles
1103 3790 1226 3842 comunis
1252 3789 1295 3858 (5)
1313 3788 1435 3842 videlicet
1460 3789 1629 3842 2122222222
1647 3789 1707 3859 quis

541 3875 594 3929 boc
612 3874 721 3930 lecisset
740 3887 766 3928 et
783 3875 806 3928 si
823 3875 932 3929 sciretur
949 3876 995 3945 qui
1013 3875 1066 3930 hoc
1091 3875 1194 3930 iecisset
1221 3877 1314 3930 debeat
1341 3875 1440 3930 restitui
1459 3892 1505 3946 per
1529 3875 1653 3931 Comune
1672 3875 1706 3929 de

568 4063 598 4117 (ι)
614 4063 642 4116 (ι)
657 4063 723 4104 Verba
736 4073 809 4117 postea
822 4065 907 4117 adjecta.

569 4134 597 4185 (2)
613 4133 643 4187 (a)
657 4132 721 4188 Super
733 4134 867 4186 ediectiottem
881 4134 933 4175 hane
946 4135 1043 4189 scriptum
1056 4145 1099 4176 eat:
1113 4133 1171 4176 Van

566 4203 597 4256 (3)
612 4202 676 4257 Supra
689 4205 786 4258 scripturn
800 4213 845 4244 est:
863 4203 930 4245 Vacat.

569 4272 598 4326 (4)
614 4272 644 4326 (4)
656 4282 677 4313 0¹
691 4274 720 4326 b)
737 4273 764 4326 11)
779 4272 845 4315 vera·
859 4285 931 4328 pose·
944 4275 1030 4329 minu.
