3926 5542
1381 549 1430 602 227

271 669 345 722 1534.
365 671 403 708 12.
424 655 572 710 Decembris.

304 743 335 794 ln
351 743 424 812 piene
441 744 543 812 collegio
561 751 710 814 congregato
728 744 771 800 huc
789 745 938 799 dicticinio
956 753 990 798 est
1019 745 1137 800 uenusto
1166 745 1323 800 notariorum
1350 745 1433 816 infra·

268 831 424 900 scriptorum.
444 831 518 898 (Vide
536 838 656 886 statutam
674 843 751 904 snpra
768 831 802 886 ad
818 835 901 902 ann).

410 917 561 972 Franciscus
579 919 649 972 iilius
667 921 774 973 Andree
792 920 825 974 de
843 919 964 974 Villanis.

410 1004 504 1058 Simon
524 1005 664 1061 iGerardi
683 1008 786 1061 Scallie.

412 1091 572 1148 Gullielmus
591 1093 607 1148 f.
628 1096 778 1150 Hieronimi
798 1095 881 1150 fecie.

409 1179 575 1250 Augustinus
593 1181 611 1236 s.
631 1183 776 1237 Sebastiani
796 1183 829 1237 de
847 1181 967 1236 Villanis.

409 1268 575 1338 Augustinus
593 1271 610 1324 f.
629 1271 739 1343 Georgii
758 1272 791 1325 de
809 1271 902 1326 Turre.

411 1355 562 1410 Franciscus
581 1358 598 1412 f.
617 1358 706 1413 Ottini
728 1360 761 1413 de
780 1358 901 1412 Villanis.

409 1443 516 1514 Gaspar.
536 1443 553 1498 f.
573 1444 701 1499 francisci
720 1445 831 1500 Tarditi.

410 1531 586 1586 Bernardinus
604 1532 621 1586 i
640 1533 710 1588 Petn'
729 1535 763 1588 de
780 1533 919 1588 Roxolate.

408 1619 559 1673 Ludovicus
578 1619 594 1674 f.
614 1621 737 1692 Gasparis
755 1623 789 1677 de
807 1621 969 1676 Bertodanis

409 1707 612 1762 Bardtolomeus
631 1709 647 1762 f.
667 1709 756 1764 Ottini
774 1711 808 1764 de
825 1708 945 1762 Villanis

410 1795 560 1866 Stephanus
578 1798 611 1851 de
631 1797 760 1852 Ferrarii&

411 1883 562 1938 Franciscus
581 1883 597 1938 f.
617 1884 706 1939 [Μή
726 1886 866 1940 Carazano

410 1971 542 2025 lohannes
560 1973 695 2027 Antonius
713 1973 730 2026 i.
749 1971 867 2027 Nicolini
886 1971 986 2026 Gaude

410 2059 502 2113 Petrus
521 2059 537 2113 i.
557 2077 582 2131 q.
602 2060 729 2131 Stephani
755 2060 867 2116 Cutelie.

413 2147 562 2201 Ludovicus
581 2149 615 2202 de
633 2147 750 2202 Gromis.

412 2236 544 2290 lohannes
563 2236 733 2306 sthephanus
752 2235 869 2289 Ferrerii.

411 2323 561 2378 franciscus
580 2323 672 2378 Seniia.

410 2411 542 2480 Georgius
560 2412 593 2465 de
612 2411 721 2464 Gromis
739 2411 883 2480 Temengi.

413 2499 521 2552 lacobus
539 2499 665 2568 Tolegni.

411 2587 560 2640 Frnrtciscus
579 2587 612 2640 de
631 2587 735 2640 Putheo
753 2587 904 2656 capitaneus
923 2587 1048 2640 Clavnxii.

412 2673 561 2726 Alexander
579 2674 612 2728 de
626 2673 762 2726 Roxolnte„

411 2760 545 2814 Antonius
563 2761 694 2816 Cabanea

411 2849 545 2902 Antonius
563 2848 596 2902 de
615 2849 744 2903 Pantono.

306 3007 447 3075 Seqrstrninr
467 3008 638 3076 [rescripiiuncs
658 3011 819 3078 recrpiionnrn
848 3011 991 3078 uiiqnurum
1019 3027 1046 3058 rt
1067 3008 1181 3060 udmissr's
1212 3010 1237 3059 t‘rt
1268 3009 1432 3078 strpruscrt'pio

269 3101 370 3156 strenuo,
384 3095 466 3164 juciae
484 3095 562 3146 cethus
582 3094 659 3147 dicei
677 3113 752 3148 orrrro.
773 3097 872 3148 ilerum
893 3099 994 3148 ηυηιὶνω
1013 3101 1087 3146 surii:

409 3181 570 3234 Gullielntus
588 3181 605 3235 f.
625 3183 758 3252 ieronymi
780 3183 852 3236 secie.

410 3271 574 3337 Augustinus
594 3269 610 3322 i.
630 3271 775 3324 sebastiani
795 3272 827 3324 de
846 3271 966 3322 Vilianis.

410 3358 575 3426 Augustinus
593 3357 610 3410 i.
630 3357 738 3429 Georgii
757 3358 791 3413 de
810 3371 887 3411 turre.

410 3445 562 3498 Ludouicus
580 3443 597 3498 f.
616 3443 739 3514 Gasparis
757 3445 790 3498 de
809 3444 965 3496 bertodanis.

412 3531 614 3586 Bartholomeus
632 3533 648 3584 i.
668 3531 756 3586 Ottini
775 3533 807 3585 de
827 3532 946 3584 Vilinnis.

409 3621 541 3674 lohannes
560 3619 714 3674 Anthonius
733 3619 749 3672 f.
770 3619 885 3674 Nicoiini
905 3619 996 3672 caude.

410 3707 523 3762 Iacobus
541 3705 557 3760 f.
577 3724 601 3778 q.
622 3707 748 3777 Gaspardi
768 3707 870 3760 tolieni.

410 3795 543 3848 Antonius
562 3795 596 3848 de
614 3794 733 3848 santono.

272 3951 346 4022 1556.
365 3953 389 4006 ό.
411 3952 559 4006 Decernhris.

304 4042 334 4094 In
353 4041 454 4108 collegio
472 4047 620 4110 coesgrcguio
639 4039 682 4094 ber
699 4039 738 4092 die
756 4039 822 4092 electi
834 4041 943 4110 sererent
968 4040 1125 4112 infrascripti
1156 4041 1258 4093 notarii.
1278 4041 1294 4108 (
1297 4041 1357 4096 Vide
1376 4048 1431 4094 sie-

269 4133 349 4182 iuiuns
368 4139 443 4198 snpra
462 4127 495 4180 ad
513 4131 597 4194 ann).
943 4189 948 4198 ,

412 4215 532 4268 Bestiam
551 4213 620 4268 filius
638 4213 799 4266 Marchionis
821 4213 917 4284 Spinis,
937 4215 1019 4268 etatis
1038 4231 1170 4268 annorum
1188 4215 1338 4278 duodecim,

410 4302 558 4358 ieronimus
576 4300 594 4356 s.
614 4301 741 4355 Francisci
761 4302 793 4355 de
812 4301 934 4356 Tarditis
