3942 5548
1407 560 1454 614 173

290 669 362 722 cium
375 669 408 721 de
420 667 551 720 maleficio
564 669 598 720 de
610 685 665 738 quo
684 668 833 738 proceditur
851 678 942 720 contra
961 667 1053 737 ipsam
1072 669 1130 738 Ipsa
1150 685 1213 722 uero
1227 679 1396 738 comparente
1408 679 1457 721 ter·

291 757 367 810 mino
385 756 465 810 banni
484 755 573 825 elapso
592 769 619 809 et
636 757 880 826 condempnatione
898 757 1021 809 nundum
1040 756 1073 808 de
1090 756 1147 826 ipsa
1166 756 1233 810 lecta
1252 755 1296 809 uel
1314 755 1367 810 lata
1384 769 1456 810 etse

290 855 443 898 excusatore
460 844 569 898 uolente
587 844 620 897 ab
638 845 700 914 ipsis
719 845 752 897 de
770 843 865 914 quibus
883 844 1035 914 proceditur
1052 855 1144 897 contm
1163 861 1222 897 erun
1249 843 1381 898 Audiatur
1399 844 1456 897 eius

290 931 409 986 defensio
427 943 482 986 tarn
501 945 592 986 contra
611 933 730 986 bannum
748 949 829 1002 quam
847 943 939 985 contra
956 932 984 985 id
1002 933 1035 985 de
1052 948 1107 1002 quo
1125 931 1275 1001 proceditur
1292 943 1384 985 contra
1396 948 1456 984 eam

290 1019 352 1074 dato
370 1020 442 1090 prius
459 1019 508 1074 sibi
527 1020 642 1074 termino
660 1019 741 1072 trium
759 1020 863 1072 dierum
881 1020 914 1072 ad
932 1020 989 1072 eius
1007 1019 1189 1073 defensionem
1203 1019 1351 1074 faciendam
1364 1031 1455 1072 contra

290 1107 387 1160 indicia
405 1123 457 1178 que
475 1107 634 1160 haberentur
651 1119 742 1160 contra
760 1106 845 1176 ipsam
863 1123 942 1176 quarn
973 1107 994 1159 si
1022 1105 1111 1159 fecerit
1130 1107 1163 1159 ad
1190 1117 1289 1158 tormra
1316 1106 1380 1175 poni
1399 1123 1455 1159 non

290 1195 379 1266 possit.
398 1194 426 1247 Si
440 1209 504 1248 uero
516 1193 618 1248 nullam
629 1193 719 1247 fecerit
731 1193 879 1264 legitimam
898 1191 1081 1247 defensionem
1100 1194 1164 1262 poni
1183 1195 1264 1263 possit
1281 1193 1312 1246 ad
1326 1204 1454 1248 torturam

290 1281 417 1352 legitimis
435 1281 539 1352 indiciis
557 1295 681 1351 utsupra
699 1281 905 1351 precedentibus.
917 1281 1042 1343 Quorum
1061 1281 1221 1334 indiciorum
1240 1280 1401 1335 defensionis
1413 1297 1454 1334 co·

290 1369 381 1440 gnicio
399 1380 505 1438 spectet,
514 1369 558 1422 Ad
576 1369 718 1422 dominum
736 1379 893 1439 potestatem
912 1368 955 1421 uel
974 1369 1031 1422 eius
1050 1369 1178 1422 uicarium
1197 1385 1246 1422 nec
1264 1368 1347 1440 possit
1359 1369 1412 1439 peti
1425 1379 1455 1421 ut

290 1455 427 1527 peralium
440 1467 622 1528 cognoscatur.
636 1457 754 1510 Demum
767 1467 859 1509 contra
872 1455 956 1525 ipsam
972 1456 1004 1508 ad
1018 1455 1288 1526 condempnationem
1300 1455 1455 1524 procedatur

289 1545 446 1598 secumdum
465 1543 659 1597 confessionem
677 1543 761 1616 ipsius¹
777 1555 823 1596 aut
840 1543 984 1613 legittimas
1002 1543 1183 1596 attestationes
1201 1543 1258 1596 siue
1285 1543 1454 1613 probationes

289 1632 436 1686 secundum
454 1631 568 1685 formam
586 1630 675 1684 statuti
694 1647 741 1684 seu
758 1643 925 1694 statutorum,
938 1629 1072 1700 loquentis
1092 1646 1138 1684 seu
1157 1631 1330 1702 loquencium
1349 1631 1383 1684 de
1400 1647 1445 1684 rna

289 1719 376 1773 leficio
394 1736 441 1772 seu
459 1717 603 1788 maleficijs‚
622 1729 668 1771 aut
685 1719 840 1772 criminibus
858 1717 900 1771 uel
914 1717 1015 1771 delictis
1027 1718 1061 1771 de
1074 1735 1127 1788 quo
1140 1717 1183 1771 uel
1198 1719 1294 1788 quibus
1306 1719 1455 1788 proceditur

290 1819 382 1861 contra
399 1806 484 1876 ipsam
502 1805 545 1858 uel
563 1805 613 1859 sibi
631 1807 735 1876 paribus
753 1805 797 1859 uel
814 1805 953 1859 similibus.
967 1805 1025 1875 Ipsa
1038 1822 1102 1858 uero
1114 1818 1229 1876 negante
1242 1821 1320 1875 super
1332 1821 1453 1875 processu

289 1906 316 1948 et
334 1893 466 1946 maleficio
483 1909 539 1946 non
558 1895 676 1962 probato.
695 1892 856 1946 Absoluatur
873 1894 906 1946 ab
924 1893 966 1946 his
984 1894 1018 1946 de
1036 1892 1130 1964 quibus
1154 1893 1307 1964 inquiritur
1323 1909 1370 1946 seu
1388 1909 1452 1964 pro-

290 1981 393 2036 ceditur
412 1993 503 2035 contra
522 1997 590 2034 eam.

293 2177 321 2242 3.
345 2153 383 2220 In
406 2153 519 2244 quibus
542 2153 665 2223 casibus
688 2177 756 2221 non
789 2157 891 2242 possit
924 2156 1053 2244 procedi
1076 2177 1133 2242 per
1155 2155 1400 2244 inquisitionem
1423 2171 1454 2221 et

332 2281 394 2349 que
418 2259 569 2327 denuntie
592 2259 766 2326 habeantur
788 2282 847 2347 pro
870 2262 929 2327 rite
952 2261 1155 2348 conception.
1179 2260 1234 2350 (1)

324 2365 392 2418 Item
410 2377 538 2418 statutum
556 2376 595 2418 est
613 2366 685 2435 quod
704 2383 781 2434 super
798 2365 895 2419 delicto
914 2365 1031 2436 advlterij
1046 2381 1101 2418 non
1120 2367 1202 2435 possit
1220 2383 1266 2435 per
1275 2365 1347 2418 uiam
1366 2365 1450 2436 inqui-

289 2454 393 2508 sitionis
411 2452 532 2522 procedi,
542 2452 596 2505 Sed
614 2452 702 2506 solum
721 2470 767 2522 per
785 2469 906 2506 ascusam
925 2465 1058 2524 porectam
1073 2470 1119 2522 per
1131 2452 1271 2507 mulierem
1282 2453 1454 2507 adulteratam

290 2541 332 2595 uel
351 2541 477 2594 maritum
496 2551 596 2610 patrem
617 2540 660 2594 uel
679 2539 785 2594 fmtrem
804 2541 929 2594 mulieres
947 2540 1118 2594 adulterantis
1138 2540 1181 2593 uel
1201 2541 1354 2594 adulterate.
1373 2542 1406 2595 Et
1424 2542 1456 2594 si·

289 2629 388 2682 militer
404 2645 483 2698 super
499 2641 590 2698 strupo
609 2629 690 2681 uidue
708 2644 764 2681 non
783 2629 865 2698 possit
884 2629 989 2699 procedi
1002 2645 1049 2699 per
1060 2628 1133 2681 uiam
1146 2629 1333 2698 inquisitionis,
1346 2629 1397 2682 Sed
1410 2645 1456 2698 per

289 2717 484 2770 accusationem
502 2716 591 2768 damur
609 2732 656 2785 per
673 2715 757 2784 ipsam
776 2716 917 2769 mulierem
937 2715 981 2768 uel
999 2727 1102 2785 patrem
1121 2717 1163 2768 uel
1174 2716 1348 2785 proximiores
1366 2733 1456 2786 paren·
1544 2736 1554 2746 ·

289 2816 328 2858 tes
345 2804 427 2874 ipsius
445 2803 563 2856 mulieris
581 2815 717 2872 strurpate.
737 2803 770 2856 Et
788 2803 904 2873 predicte
922 2819 1035 2873 persone
1047 2803 1221 2857 admittantur
1233 2804 1266 2856 ad
1278 2804 1454 2856 accusandum

289 2893 347 2945 siue
364 2902 437 2944 metu
456 2890 566 2942 alicuius
585 2889 735 2959 calompnie
753 2902 780 2943 et
798 2907 866 2960 pene
884 2877 990 2944 talionis
1008 2889 1051 2943 uel
1071 2891 1251 2944 subscritiouis
1263 2903 1290 2943 et
1303 2890 1403 2944 nullam
1414 2909 1455 2960 pe-

289 2996 352 3033 nam
371 2979 504 3032 incurrant
522 2979 745 3047 quandocumque
763 2977 791 3032 in
810 2979 966 3048 probatione
984 2978 1126 3031 defecerint
1145 2995 1194 3030 nec
1224 2977 1334 3032 uicietur
1351 2995 1452 3042 accusa,

289 3155 421 3226 solempni
433 3167 459 3207 et
471 3165 608 3224 tamquam
621 3153 685 3206 ricte
698 3165 724 3206 et
737 3165 806 3206 recte
819 3163 954 3222 concepta,
967 3153 1122 3206 admittatur
1139 3153 1205 3204 dum
1224 3153 1307 3205 modo
1319 3152 1454 3205 contineat

289 3243 465 3296 substanciam
483 3241 544 3294 lacti
561 3240 684 3294 videlicet
701 3257 801 3294 nomen
820 3239 977 3293 accusatoris
994 3237 1114 3308 adulterij
1135 3252 1161 3292 et
1180 3239 1297 3292 mulieris
1311 3239 1454 3292 adulterare

290 3331 331 3383 uel
351 3329 521 3384 adulterantis
539 3339 565 3382 et
583 3327 673 3381 locum
691 3327 797 3381 comissi
816 3327 912 3381 delicti.
932 3328 965 3380 Et
983 3327 1064 3380 simili
1078 3327 1160 3380 modo
1173 3327 1319 3380 habeantur
1331 3343 1377 3398 pro
1391 3327 1454 3380 ricte

289 3431 316 3472 et
333 3418 469 3488 legiptime
486 3416 628 3487 conceptis,
638 3433 805 3488 quecumque
823 3415 1002 3469 accusationes
1014 3427 1040 3468 et
1056 3415 1195 3480 denuncio,
1208 3415 1322 3486 predicta
1337 3417 1453 3468 substan-

289 3505 365 3559 cialia
383 3505 557 3559 continentes.

288 3683 319 3748 4.
343 3663 392 3728 De
416 3684 496 3749 pena
519 3660 735 3728 blasfemantis
758 3660 856 3728 deum
880 3678 911 3727 et
935 3679 1074 3729 sanctos.

325 3768 396 3822 Cum
414 3768 557 3838 uuicuique
575 3767 688 3837 diligens
706 3783 769 3819 cura
786 3784 842 3820 esse
860 3766 953 3820 debeat
966 3785 1012 3837 per
1024 3767 1115 3820 omnia
1128 3783 1205 3836 supra
1218 3766 1337 3820 numinis
1350 3765 1453 3836 religio·

289 3872 352 3908 nem
370 3855 444 3909 tueri.
464 3855 531 3910 ideo
548 3865 676 3908 statutum
695 3867 720 3908 et
739 3855 891 3908 ordinatum
909 3866 948 3908 est
967 3856 1049 3918 Quod
1067 3855 1149 3925 siquis
1167 3856 1247 3908 deum
1267 3855 1310 3908 uel
1329 3854 1385 3908 eius
1396 3854 1453 3924 glo·

289 3943 387 3997 riosam
399 3944 533 4013 uirginem
545 3954 658 3996 matrem
671 3941 865 3995 blasfemauerit
878 3941 920 3994 uel
934 3942 985 3995 alia
997 3944 1076 3996 uerba
1089 3943 1174 4012 turpia
1192 3959 1238 3996 seu
1257 3942 1406 4006 inhonesta,
1419 3943 1452 3994 de

289 4031 407 4101 ipsorum
417 4029 539 4102 gloriosis
558 4030 712 4083 nominibus
722 4029 857 4100 pertulerit
866 4030 907 4100 (2)
919 4031 1043 4099 puniatur
1055 4029 1083 4083 in
1094 4031 1165 4083 libris
1175 4032 1268 4083 decem
1277 4030 1452 4100 papiensibus.

288 4119 323 4172 Et
340 4135 423 4189 usque
441 4119 474 4170 ad
492 4118 570 4170 libras
588 4116 683 4188 viginti
701 4117 808 4170 arbitrio
828 4129 958 4170 rectorum
972 4117 1088 4187 inspecta
1100 4117 1226 4188 qualitate
1238 4133 1349 4187 persone
1359 4129 1385 4170 et
1398 4133 1452 4170 uet-

317 4291 345 4344 (ι)
360 4290 393 4332 Sic
407 4291 443 4332 sed
457 4291 478 4331 in
492 4290 585 4344 exemplo
599 4290 705 4331 chartaceo
719 4291 794 4331 rectius
809 4291 895 4332 babetur
909 4297 997 4345 concepte.

316 4361 346 4416 (a)
361 4361 445 4404 Rectius
460 4363 481 4402 in
495 4361 538 4402 elio
552 4360 645 4416 exemplo
655 4361 761 4417 punierit.
