3958 5540
505 623 539 678 Et
557 623 580 677 si
599 621 634 677 ita
653 622 806 676 inuenerint
823 635 938 678 statuant
956 623 1028 694 quod
1041 623 1186 694 peripsum
1199 623 1277 676 vadat
1289 621 1352 675 alias
1365 637 1468 676 nouum
1479 621 1615 692 assignant
1626 637 1673 692 per

506 711 596 764 locum
614 712 700 782 magis
717 711 855 783 ydoneum
872 723 899 766 et
916 727 978 764 cum
997 710 1096 766 minori
1114 712 1231 781 dampno
1246 711 1325 765 vicini
1337 727 1368 764 ac
1382 710 1552 764 restitucione
1561 709 1670 780 dampni

505 817 551 870 per
568 816 631 854 eum
650 799 768 853 iacienda
786 799 811 852 ei
828 800 875 871 qui
892 817 925 853 ex
943 799 988 854 tali
1008 799 1233 870 assignationem
1252 799 1343 870 aliquo
1356 797 1493 851 lederetur.
1504 798 1568 861 Que
1577 797 1670 851 omnia

506 887 574 942 inira
591 888 650 943 XV.
668 887 724 942 dies
742 887 882 960 expediant
899 888 947 942 sub
965 888 1056 942 banno
1074 887 1221 942 solidorum
1241 887 1299 942 XX
1312 902 1359 958 pro
1378 884 1499 959 quolibet
1515 886 1670 940 eorundem.

544 1045 584 1100 59.
602 1028 674 1083 Item
691 1030 764 1101 quod
782 1027 872 1084 nullus
889 1029 918 1082 in
936 1028 1117 1099 portuchubus
1135 1027 1179 1081 uel
1197 1029 1250 1098 uijs
1267 1027 1378 1098 publicis
1396 1028 1490 1082 debeat
1507 1037 1597 1080 tenere
1614 1039 1670 1080 sta-

506 1116 609 1182 bulum,
627 1117 748 1181 scrinets,
767 1117 898 1182 mrrarim,
916 1115 1024 1181 Trabes,
1043 1115 1136 1180 molas,
1154 1115 1198 1168 uel
1217 1115 1267 1169 alia
1285 1131 1332 1168 seu
1350 1115 1379 1168 in
1405 1113 1444 1168 eis
1462 1131 1562 1168 cauare.
1591 1112 1672 1171 fossas

506 1203 599 1270 lacere,
616 1217 746 1258 stramum
763 1205 792 1259 in
810 1205 848 1258 eis
866 1221 973 1275 ponere,
992 1204 1035 1258 uel
1053 1203 1125 1258 aliud
1144 1204 1245 1274 operari
1264 1203 1336 1274 quod
1351 1203 1547 1257 transeuntibus
1560 1201 1603 1258 ud
1614 1203 1672 1256 vsui

507 1292 613 1364 publico
630 1304 676 1346 aut
693 1292 772 1346 alicui
789 1292 879 1346 vicino
897 1309 993 1346 nocere
1011 1293 1093 1363 possit
1101 1293 1150 1346 sub
1163 1293 1249 1344 banno
1260 1291 1411 1345 solidorum
1423 1290 1482 1344 XX
1496 1289 1671 1362 papiensium.

542 1450 585 1506 60.
604 1450 675 1504 Item
693 1451 766 1521 quod
783 1450 905 1505 consules
923 1463 1063 1504 teneantur
1080 1449 1164 1504 iacere
1182 1451 1261 1504 actari
1274 1450 1329 1503 uias
1341 1450 1584 1520 quocienscumque
1595 1447 1674 1503 irretit

506 1538 663 1594 nunciatum
681 1549 727 1592 aut
743 1538 782 1592 ela
800 1539 931 1593 videbitur
949 1540 1078 1609 expedire.

541 1678 584 1734 61.
603 1680 671 1732 Item
689 1679 761 1750 quod
779 1678 826 1751 qui
855 1695 912 1732 non
939 1678 1053 1734 misserit
1070 1679 1245 1732 sufficientem
1275 1677 1405 1731 nuncium
1423 1677 1456 1732 ad
1474 1677 1599 1731 actandas
1615 1677 1672 1731 vias

507 1766 593 1822 soluat
611 1767 730 1820 bannum
748 1767 896 1822 solidorum
908 1767 946 1820 ·11.
965 1767 1141 1837 papiensium.

543 1907 586 1961 62.
605 1907 676 1962 Item
694 1908 767 1979 quod
784 1907 875 1962 nullus
892 1908 961 1961 intra
988 1907 1078 1960 locum
1106 1905 1212 1976 bugelle
1239 1905 1354 1976 proiceat
1372 1905 1401 1958 in
1418 1904 1469 1974 viis
1499 1902 1611 1974 publicis
1628 1904 1672 1959 uel

511 1995 622 2066 platheis
640 2012 737 2065 aquam
755 1995 886 2067 calcinarij
907 1995 950 2050 uel
969 1995 1079 2066 molticij
1100 2011 1146 2048 seu
1174 1996 1277 2066 inqua
1304 1995 1357 2049 sint
1384 1996 1455 2050 coria
1483 1994 1607 2050 banniata
1624 1993 1673 2047 sub

510 2084 600 2138 banno
619 2083 766 2138 solidorum
784 2085 817 2137 V.
836 2083 1011 2155 papiensium.

542 2243 585 2312 63.
604 2243 675 2296 Item
694 2242 766 2314 quod
784 2242 873 2296 nullus
891 2241 1012 2296 serrarius
1030 2241 1074 2295 uel
1093 2242 1159 2294 alius
1178 2242 1294 2312 proiceat
1311 2242 1339 2294 in
1358 2242 1407 2296 viis
1425 2240 1537 2312 publicis
1554 2240 1599 2294 uel
1620 2239 1672 2312 pla-

508 2331 576 2385 theis
588 2331 704 2402 aliquam
718 2342 908 2384 reonzaturam.
918 2331 994 2395 secie,
1006 2342 1052 2412 apt
1065 2329 1164 2384 Clauos
1176 2347 1222 2382 seu
1234 2329 1300 2383 illud
1314 2331 1386 2400 quod
1400 2331 1563 2402 quoquando
1575 2329 1674 2383 ferrum

508 2421 541 2475 de
551 2420 631 2490 Ipsius
643 2419 821 2491 superfluitate
831 2431 951 2473 remanet
963 2420 991 2472 in
1005 2418 1096 2472 surina
1108 2420 1156 2472 sub
1170 2420 1259 2472 banno
1272 2418 1419 2472 solidorum
1429 2419 1487 2472 XX.
1499 2419 1673 2489 papiensium

543 2560 587 2628 64.
604 2561 673 2616 Item
690 2561 763 2633 quod
782 2561 810 2614 in
829 2560 891 2632 ipsis
909 2572 991 2614 nemo
1009 2559 1125 2631 pellicias
1143 2559 1186 2614 uel
1204 2559 1269 2613 alias
1282 2559 1362 2631 pelles
1374 2561 1463 2614 batere
1474 2577 1520 2614 seu
1534 2561 1670 2614 uerberare

508 2662 649 2721 presumat
668 2650 717 2703 sub
736 2651 825 2703 banno
843 2648 991 2703 solidorum
1010 2648 1042 2701 V.
1061 2647 1235 2738 papiensium.

543 2806 587 2877 65.
605 2807 676 2862 Item
694 2807 767 2878 quod
785 2807 874 2860 nullus
892 2807 987 2861 bestias
1004 2823 1067 2860 cum
1085 2823 1159 2860 carro
1177 2806 1221 2860 uel
1239 2805 1296 2860 sine
1314 2824 1359 2878 per
1381 2806 1495 2878 porticus
1507 2807 1602 2861 dooere
1614 2824 1669 2877 pre·

511 2908 599 2951 sumat
616 2897 647 2950 In
660 2897 753 2974 banno.
761 2895 909 2950 solidorum
927 2896 952 2949 X
970 2893 1143 2966 papiensium.

545 3037 588 3092 66.
607 3038 674 3092 Item
694 3037 766 3110 quod
785 3037 853 3090 intra
871 3036 961 3091 locum
980 3036 1085 3106 bugelle
1104 3036 1214 3107 quilibet
1226 3037 1319 3089 debeat
1331 3046 1420 3089 tenete
1434 3035 1569 3106 portichus
1581 3047 1608 3088 et
1619 3036 1675 3090 vias

510 3127 627 3198 publicas
656 3137 718 3180 ante
747 3127 860 3180 domum
887 3142 963 3179 suam
991 3126 1059 3178 bene
1086 3136 1182 3178 acratas
1212 3137 1238 3178 ct
1256 3123 1352 3178 solatas
1370 3125 1401 3178 lu
1420 3126 1509 3178 banno
1527 3123 1674 3178 solidorum

513 3217 587 3270 XXI.
607 3214 781 3286 papiensium.

543 3375 586 3443 67.
605 3377 675 3430 Item
694 3375 766 3447 quod
784 3373 895 3444 quilibet
913 3373 1023 3437 vicinus,
1042 3390 1089 3442 pro
1108 3373 1199 3437 modo,
1218 3373 1275 3426 siue
1293 3372 1669 3443 entimacionepossessionis,

509 3482 555 3518 seu
574 3463 752 3527 habitationis,
771 3480 851 3534 quam
880 3462 1031 3533 possideret.
1059 3462 1131 3514 iuxta
1160 3462 1295 3532 portichus
1325 3461 1367 3514 uel
1398 3461 1453 3514 vias
1480 3463 1513 3515 ad
1532 3461 1675 3532 predictam

512 3553 671 3607 actationem
690 3565 717 3605 ct
735 3553 931 3622 reparationem
950 3552 1116 3606 contribuere
1135 3563 1261 3605 teneatur.
1281 3552 1330 3606 sub
1348 3553 1465 3623 predicto
1483 3551 1581 3606 banno.

548 3712 591 3767 68.
610 3713 678 3767 Item
696 3714 769 3783 quod
787 3729 802 3766 a
821 3711 922 3766 becaria
940 3713 1074 3783 usquead
1093 3711 1208 3783 placium
1226 3711 1349 3766 comunis
1366 3711 1456 3766 nullus
1473 3723 1562 3765 tenmt
1579 3711 1674 3766 bestias

511 3801 637 3872 aplicatas
655 3801 698 3854 uel
718 3801 798 3871 pelles
816 3818 872 3854 non
891 3801 1016 3872 afaytatas
1031 3799 1080 3855 sub
1099 3800 1188 3854 banno
1206 3800 1354 3855 solidorum
1376 3801 1409 3854 X.
1428 3801 1602 3872 papiensium.

844 4025 883 4064 to.
904 4010 951 4064 DE
970 4010 1153 4065 TERMINIS.
1173 4042 1206 4050 -
1225 4011 1280 4064 fol.
1299 4025 1343 4064 cx.

544 4201 587 4272 69.
607 4201 640 4255 In
659 4202 750 4272 primis
769 4215 896 4256 statutum
915 4203 1034 4273 estquod
1052 4203 1099 4273 qui
1117 4203 1287 4256 seminauerit
1306 4203 1348 4256 uel
1367 4202 1526 4258 laborauerit
1543 4205 1611 4258 ultra
1629 4218 1678 4258 ter·

514 4290 603 4344 minos
620 4289 707 4343 soluat
724 4291 824 4344 solidos
842 4291 875 4343 V.
894 4290 1037 4360 papienses.
