3958 5540
510 509 545 564 60

547 647 604 700 312.
624 633 666 702 (1)
685 633 752 686 Item
770 643 898 686 statutum
917 645 943 685 et
961 633 1113 686 ordinatum
1131 632 1260 702 estquod
1279 631 1395 702 quelibet
1414 647 1524 701 persona
1543 647 1595 701 que
1607 647 1670 682 uen-

510 719 606 772 diderit
623 721 717 772 uinum
736 719 804 772 ultra
816 720 961 789 quantitate
973 720 1086 788 positam
1098 731 1124 771 et
1136 719 1337 771 determinatam
1356 735 1402 786 per
1419 733 1535 770 comune
1556 717 1670 787 bugelle.

510 805 597 858 soluat
609 823 656 875 pro
669 807 785 876 qualibet
797 823 929 860 mensura
948 807 996 860 sol.
1015 807 1047 858 V.
1067 823 1109 876 pp.
1123 818 1149 858 et
1161 806 1207 857 ille
1224 806 1270 874 qui
1288 805 1397 857 soluerit
1414 816 1441 858 et
1459 805 1553 858 emerit
1570 805 1672 858 dictum

511 895 607 946 uinum
625 894 711 946 soluat
729 895 847 947 bannum
865 892 914 946 sol.
933 894 965 946 ll.
981 911 1027 963 pp.
1046 894 1096 945 nisi
1115 894 1276 945 accusauerit
1294 892 1370 944 illurn
1390 892 1435 961 qui
1455 891 1504 943 sibi
1525 891 1673 944 uendiderit

511 981 612 1032 dictum
631 982 731 1033 vinum.
751 994 778 1033 et
795 982 817 1033 si
835 981 996 1033 accusauerit
1014 981 1091 1032 illuni
1104 981 1150 1050 qui
1164 980 1312 1032 uendiderit
1324 997 1379 1032 non
1394 991 1512 1032 teneatur
1524 979 1558 1030 de
1575 979 1672 1030 banno,

549 1135 606 1188 313.
624 1121 693 1172 Item
710 1131 838 1173 statutum
856 1120 985 1190 estquod
1012 1119 1058 1190 qui
1077 1120 1225 1172 uendiderit
1251 1120 1344 1172 vinum
1372 1119 1442 1172 ostio
1469 1118 1559 1172 clauso
1580 1119 1613 1170 de
1631 1119 1675 1171 die

511 1207 599 1260 soluat
616 1223 664 1276 pro
682 1207 798 1277 qualibet
816 1208 873 1260 vice
891 1207 939 1260 sol.
958 1207 1016 1260 xil
1035 1217 1062 1259 et
1079 1205 1201 1259 consules
1219 1217 1359 1259 teneantur
1385 1205 1518 1275 inquirere
1547 1207 1675 1274 quociens

512 1294 590 1348 fuerit
607 1295 646 1348 eis
663 1294 857 1348 denuntiatum.

549 1434 693 1502 314.1tem
711 1445 838 1487 statutum
856 1435 985 1504 estquod
1003 1434 1090 1505 aliqua
1108 1449 1219 1504 persona
1246 1449 1301 1486 non
1329 1434 1412 1503 possit
1437 1434 1551 1487 vendere
1580 1433 1675 1486 vinum

511 1521 544 1573 ad
563 1521 698 1574 minutum
716 1522 767 1574 nisi
785 1521 819 1574 ad
837 1521 923 1590 pintas
950 1522 1084 1574 rotundas
1112 1521 1177 1574 latas
1195 1521 1228 1574 de
1255 1533 1345 1590 supter
1371 1532 1398 1574 et
1415 1521 1516 1573 strictas
1538 1521 1675 1588 desuper.

511 1609 657 1660 secundum
676 1609 748 1678 quod
765 1621 827 1660 sunt
845 1610 917 1678 pinte
935 1626 999 1678 quas
1017 1610 1097 1661 habet
1114 1624 1230 1661 comune
1247 1619 1274 1661 et
1285 1609 1541 1660 mensurentvinum
1554 1608 1590 1659 ita
1603 1606 1675 1675 quod

511 1711 615 1764 semper
632 1707 738 1764 spargat
755 1696 788 1747 de
807 1693 877 1748 loris.
897 1696 987 1765 etqui
1007 1695 1154 1748 uendiderit
1175 1695 1208 1748 ad
1227 1695 1307 1748 aliam
1334 1711 1494 1748 mensuram
1514 1693 1608 1746 soluat
1627 1709 1675 1762 pro

511 1781 628 1852 qualibet
645 1783 702 1834 vice
720 1795 747 1834 et
765 1783 881 1852 qualibet
900 1799 1024 1836 mensura
1042 1782 1090 1836 sol.
1109 1781 1167 1834 XV.
1196 1795 1222 1835 et
1240 1781 1362 1835 consules
1388 1781 1464 1834 omni
1484 1797 1575 1834 mense
1593 1779 1675 1834 semel

512 1881 604 1922 contra
621 1870 782 1923 tabernarios
801 1871 941 1940 inquirere.
960 1881 1107 1924 teneantur.
1126 1881 1153 1922 et
1170 1871 1242 1940 quod
1261 1887 1356 1922 omnes
1382 1885 1506 1922 mensure
1533 1869 1676 1938 inquibus

512 1957 621 2010 irruente
634 1956 732 2010 fuerint
743 1958 873 2010 aditiones
885 1959 1063 2027 appositiones
1076 1957 1259 2011 adiunctiones
1270 1956 1478 2010 sofisticationes
1491 1967 1577 2025 preter
1594 1971 1675 2025 quarn

512 2043 578 2097 illud
596 2045 668 2114 quod
680 2045 778 2098 habent
789 2056 910 2114 tempore
922 2044 1103 2098 consectionis.
1123 2057 1149 2096 et
1168 2061 1220 2114 que
1239 2061 1294 2098 non
1313 2045 1412 2098 habent
1430 2043 1549 2096 laborem
1562 2043 1675 2094 liberum

513 2143 540 2184 et
557 2132 709 2186 rotundum.
728 2131 875 2185 habeantur
892 2148 939 2200 pro
958 2131 1036 2184 falsis„
1055 2133 1092 2185 ita
1110 2132 1182 2202 quod
1200 2149 1216 2184 a
1235 2133 1324 2184 banno
1341 2131 1493 2185 nullatenus
1511 2141 1675 2183 excusentur.

901 2444 949 2500 DE
968 2443 1084 2501 RUGIA
1104 2475 1136 2486 —
1158 2445 1189 2501 lt
1208 2444 1286 2502 m

550 2706 608 2760 315·
627 2689 758 2743 Statatum
776 2690 905 2759 estquod
923 2691 969 2760 qui
988 2689 1102 2743 traheret
1119 2689 1224 2759 rugiam
1243 2689 1318 2760 placij
1334 2690 1367 2742 de
1379 2705 1428 2742 suo
1446 2689 1514 2742 lecto
1532 2705 1547 2740 a
1566 2688 1674 2742 molen·

512 2779 578 2832 dino
596 2777 671 2847 placij
691 2777 810 2846 superius
827 2778 885 2830 sine
903 2777 1013 2830 licencia
1031 2776 1117 2830 soluat
1136 2778 1256 2830 bannum
1274 2777 1323 2829 sol.
1342 2776 1374 2830 X.
1394 2793 1437 2846 pp.
1456 2777 1499 2845 (2)

552 2915 609 2987 316.
628 2917 696 2969 ltem
714 2929 842 2970 statutum
865 2929 903 2969 est
915 2917 988 2986 quod
997 2917 1044 2969 illa
1058 2933 1233 2987 personaque
1246 2919 1394 2986 deturparet
1406 2916 1449 2968 uel
1462 2915 1559 2968 sedaret
1571 2915 1676 2985 rugiam

514 3005 557 3058 uel
575 3021 628 3074 que
645 3003 741 3057 faceret
757 3021 878 3057 sozuram
896 3005 925 3056 in
943 3021 982 3056 ea
1001 3021 1016 3056 a
1035 3017 1115 3074 ponte
1133 3005 1287 3074 prexonerie
1314 3021 1398 3074 usque
1416 3004 1448 3056 ad
1476 3003 1578 3056 canales
1596 3003 1676 3056 doloe

514 3091 601 3145 soluat
609 3093 729 3144 bannum
741 3091 789 3145 sol.
803 3092 896 3145 decem
908 3093 951 3161 (2)
964 3093 1004 3144 Eo
1016 3093 1091 3144 saluo
1102 3093 1173 3162 quod
1186 3093 1297 3162 quisque
1309 3092 1391 3160 possit
1402 3091 1542 3143 utilitatem
1553 3107 1630 3142 suam
1641 3089 1677 3142 ia·

514 3196 580 3232 cere.
592 3180 624 3232 ln
636 3180 712 3250 rugia
724 3195 739 3232 a
752 3180 831 3232 tercia
843 3179 872 3233 in
884 3192 961 3232 antea
973 3191 1083 3248 excepto
1095 3180 1167 3250 quod
1185 3179 1252 3232 nulli
1271 3178 1347 3231 liceat
1365 3193 1463 3248 ponere
1481 3179 1509 3229 in
1528 3178 1583 3247 ipsa
1601 3178 1677 3246 rugia
1781 3245 1787 3254 ι

513 3285 563 3321 nec
581 3267 669 3320 lauare
687 3283 789 3336 pannos
807 3267 907 3321 fedatos
925 3283 975 3320 nec
993 3279 1101 3320 menuta
1118 3268 1261 3320 bestiarum
1280 3283 1329 3318 nec
1347 3267 1418 3319 coria
1436 3282 1523 3335 neque
1535 3265 1616 3334 pelles
1628 3280 1677 3317 nec

514 3353 622 3425 aliquod
640 3355 726 3425 pilum
743 3355 920 3408 calcinentum
939 3371 987 3407 nec
1006 3355 1113 3424 aliquod
1132 3355 1277 3407 bruterium
1296 3353 1430 3406 coriorum
1448 3370 1497 3406 nec
1515 3353 1622 3406 alterius
1639 3351 1676 3403 rei

515 3459 564 3496 nec
582 3442 665 3495 lacere
683 3444 711 3495 in
730 3443 785 3512 ipsa
803 3443 920 3512 aliquem
939 3458 1068 3494 sozuram.
1087 3454 1113 3494 et
1131 3443 1177 3511 qui
1195 3439 1377 3494 contrafecerit
1394 3441 1481 3494 soluat
1499 3441 1618 3493 bannum
1636 3437 1675 3490 sol

514 3531 547 3583 X.
566 3530 609 3598 (2)
628 3547 669 3598 pp.
688 3541 714 3582 et
732 3529 842 3599 quilibet
860 3530 941 3598 possit
959 3546 1100 3582 accussare.
1119 3529 1152 3582 Et
1170 3529 1291 3582 consules
1309 3540 1448 3581 teneantur
1465 3528 1605 3596 inquirere.

552 3683 609 3738 317.
628 3668 695 3721 Item
713 3679 841 3722 statutum
859 3679 898 3720 est
916 3670 987 3739 quod
1006 3669 1052 3739 qui
1065 3679 1186 3738 runperet
1199 3667 1241 3720 uel
1254 3679 1365 3721 vastaret
1377 3667 1504 3720 triuolum
1517 3666 1560 3719 uel
1573 3664 1678 3718 canales

516 3755 558 3809 uel
576 3757 622 3825 qui
640 3755 786 3810 offenderet
802 3757 831 3808 in
849 3756 957 3825 aliquod
976 3757 1164 3809 bastimentum
1182 3755 1258 3824 placij
1277 3767 1303 3808 et
1315 3755 1386 3824 plani
1400 3754 1486 3808 soluat
1498 3756 1616 3806 bannum
1629 3769 1677 3822 pro

514 3843 632 3912 quolibet
650 3855 676 3895 et
694 3843 810 3912 qualibet
828 3845 885 3896 vice
902 3844 950 3896 sol.
970 3843 1025 3896 LX.
1045 3859 1086 3912 pp.
1097 3855 1124 3896 et
1141 3844 1264 3895 emendet
1276 3843 1423 3911 dampnum
1435 3855 1460 3894 et
1472 3841 1583 3911 quilibet
1595 3840 1678 3910 possit

513 3945 646 3982 accussare
664 3929 751 3999 palam
769 3941 796 3982 et
813 3930 938 3999 priuatim
956 3942 983 3983 et
1000 3930 1122 3983 consules
1140 3941 1280 3982 teneantur
1298 3929 1438 3998 inquirere.

539 4227 571 4279 (t)
584 4225 644 4274 Quae
658 4223 809 4279 subsequuntur
821 4225 883 4278 capit.
897 4223 988 4266 rubricae
1001 4223 1059 4265 iiten
1073 4223 1147 4268 initiali
1160 4223 1244 4267 ministr
1257 4233 1333 4273 urent,
1348 4223 1392 4264 sed.
1407 4237 1482 4266 coreas
1496 4225 1597 4266 videntur.

541 4297 571 4351 (a)
586 4295 686 4337 Numerus
701 4295 721 4336 X
734 4297 842 4349 inscriptus
856 4305 896 4345 est,
910 4295 953 4336 alio
967 4296 1046 4337 abnuo.
