3958 5540
1380 513 1415 584 ⁶9
1487 513 1491 522 .

249 641 377 694 sessiones
396 639 438 692 uel
459 651 530 710 prata
557 641 735 692 concedantur
752 651 843 692 contra
871 638 984 692 lonnam
1012 639 1074 692 dicti
1093 639 1181 692 statuti
1200 651 1226 691 et
1245 638 1289 707 qui
1309 638 1416 707 pecierit

250 729 336 782 soluat
356 729 474 780 bannurn
493 726 541 780 sol.
561 727 618 780 XX.
638 745 679 798 pp.
699 729 789 798 etqui
807 727 949 780 consulerit
967 727 1060 780 soluat.
1080 726 1128 780 sol.
1141 727 1197 781 XL.
1208 739 1234 778 et
1252 739 1342 796 postea
1356 741 1417 778 con-

250 817 334 870 cessio
352 816 389 870 tic
409 815 475 869 facta
494 817 528 868 sit
546 831 616 868 cassa
635 827 662 868 et
680 815 779 870 nullius
797 816 910 870 valloris.

290 973 348 1043 363.
366 975 434 1028 Item
453 985 580 1027 statutum
599 986 639 1027 est
657 987 683 1028 et
701 975 853 1028 ordinatum
881 975 927 1045 qui
945 975 1023 1029 fuerit
1050 977 1202 1044 reprobatus
1226 989 1272 1044 per
1289 974 1419 1043 sapientes

252 1061 298 1130 qui
317 1061 434 1113 iudicant
453 1063 539 1114 banna
558 1062 680 1114 comunis
699 1061 789 1114 secisse
809 1061 916 1114 lalssum
936 1065 1116 1134 juramentum
1135 1063 1192 1114 siue
1206 1060 1314 1114 lalssurn
1327 1060 1419 1112 dissise

254 1149 438 1201 testimonium
457 1165 512 1201 non
532 1150 624 1201 debeat
643 1163 768 1218 perpetuo
787 1151 866 1218 recipi
884 1150 912 1202 in
940 1163 1034 1202 testem
1053 1167 1101 1202 nec
1121 1151 1217 1202 babere
1238 1149 1345 1217 aliquod
1364 1147 1421 1200 offi-

254 1236 326 1288 cium
344 1236 467 1288 comunis
485 1249 511 1288 et
529 1237 640 1289 nomina
659 1238 777 1305 ipsorum
796 1237 973 1290 falssariorum
984 1249 1124 1290 teneantur
1136 1237 1258 1289 consules
1271 1235 1345 1288 inira.
1360 1234 1418 1289 XV.

255 1323 310 1376 dies
329 1337 387 1392 post
407 1341 487 1394 quam
501 1325 630 1393 reprobati
643 1323 740 1377 suerint
752 1324 828 1377 scn'bi
844 1325 927 1378 facere
939 1326 967 1378 in
980 1325 1047 1378 libro
1059 1338 1226 1378 statutorum.
1236 1325 1303 1378 sicut
1313 1323 1419 1376 lalssunr

259 1413 429 1465 reddiderunt
447 1412 631 1466 testimonium
649 1425 676 1466 et
694 1412 825 1480 publicare
843 1413 872 1466 in
890 1413 993 1483 publica
1010 1415 1154 1466 credentia.

294 1569 351 1638 3⁶⁴·
371 1570 437 1622 ltem
456 1581 583 1622 statutum
602 1582 642 1622 est
669 1571 740 1640 quod
768 1583 839 1640 prata
867 1588 919 1640 que
946 1583 1008 1623 sunt
1035 1571 1062 1623 in
1082 1571 1240 1623 comunibus
1268 1570 1372 1638 bugelle
1390 1569 1423 1622 de

257 1659 352 1727 quibus
371 1657 483 1710 soluitur
500 1657 592 1710 fictum
611 1658 682 1711 dicto
701 1659 809 1710 comuni
828 1659 881 1711 sint
899 1659 926 1710 in
947 1659 1063 1711 bannum
1083 1659 1131 1710 sol.
1145 1657 1177 1710 V.
1191 1675 1205 1711 a
1219 1659 1307 1710 medio
1321 1675 1424 1709 mensse

259 1746 331 1815 maij.
351 1761 434 1815 usque
453 1746 484 1798 ad
504 1747 605 1799 exitum
624 1747 727 1816 Agusti.

297 1905 354 1972 365.
373 1905 416 1972 (r)
435 1905 502 1958 Item
521 1917 647 1958 statutum
666 1918 705 1958 est
724 1908 795 1975 quod
814 1907 901 1976 aliqua
921 1923 1030 1977 persona
1050 1918 1120 1958 stens
1139 1905 1181 1958 uel
1195 1906 1315 1958 habiteris
1333 1905 1360 1956 in
1381 1905 1426 1956 bu·

260 1991 329 2058 gella
348 2009 402 2046 non
422 1993 517 2046 audeat
536 1993 578 2046 uel
598 2007 731 2063 presumat
750 2006 839 2048 tenere
858 1995 975 2064 plantare
993 1995 1035 2048 uel
1055 1995 1169 2047 alleuare
1182 1994 1281 2063 aliquas
1293 1994 1424 2046 arboresa

261 2079 363 2134 fossatis
382 2081 452 2150 plani
471 2081 580 2134 inferius
599 2083 627 2134 in
646 2083 733 2152 aliqua
752 2095 824 2152 parte
838 2101 882 2152 per
894 2095 981 2136 toturn
994 2084 1156 2136 territorium
1170 2080 1360 2150 bugellensem.
1374 2081 1424 2134 nisi

260 2167 356 2220 altinos
374 2169 407 2221 de
426 2169 535 2222 Cerexia
555 2169 598 2222 uel
617 2171 680 2240 opio
698 2187 745 2223 seu
765 2171 896 2238 brignono
916 2171 957 2222 uel
976 2171 1075 2222 salices.
1094 2171 1207 2238 quinon
1228 2170 1328 2240 possint
1340 2185 1427 2221 ascen·

260 2255 321 2334 dere
339 2273 400 2310 curn
420 2259 507 2310 ramis.
527 2259 594 2310 ultra
615 2259 693 2326 pedes
713 2258 769 2311 Vll.
790 2271 815 2311 et
828 2271 967 2312 teneantur
979 2275 1074 2310 onmes
1087 2259 1214 2310 babentes
1226 2260 1330 2311 arbores
1342 2257 1427 2309 cuius·

261 2360 365 2414 cunque
383 2345 489 2398 alterius
508 2346 668 2398 conditionis
696 2363 710 2398 a
740 2347 861 2416 predictis
889 2346 990 2398 fossatis
1018 2346 1127 2398 imerius
1155 2359 1274 2416 ternpore
1300 2345 1427 2415 presentis

262 2433 413 2485 consulatus
432 2433 546 2485 incidere
565 2449 681 2485 scorzare
700 2434 742 2486 nel
762 2451 897 2486 arraucare
915 2450 1010 2486 omnes
1029 2434 1092 2486 alias
1107 2437 1211 2486 arbores
1224 2433 1290 2486 insra
1303 2433 1428 2485 kalendas

263 2521 352 2590 madii.
364 2522 483 2590 proxime
501 2521 613 2574 uenturi.
633 2533 658 2574 et
677 2522 721 2590 qui
736 2523 917 2574 coutralecerit
931 2521 973 2573 uel
988 2523 1090 2574 uenerit
1104 2523 1130 2574 in
1144 2522 1233 2591 aliquo
1243 2521 1428 2590 predictorum.

263 2607 348 2660 soluat
366 2625 414 2678 pro
432 2609 550 2678 quolibet
571 2621 597 2662 et
616 2609 731 2678 qualibet
750 2610 880 2662 edomada
898 2621 1029 2662 transacto
1050 2611 1165 2680 predicto
1185 2609 1300 2662 termino
1312 2607 1430 2660 consula·

264 2707 305 2748 tus
323 2696 371 2748 sol.
390 2695 447 2750 XX.
467 2713 508 2768 pp.
528 2711 554 2750 et
572 2697 694 2750 consules
721 2709 859 2750 teneantur
887 2697 1020 2767 inquirere
1038 2699 1058 2749 si
1078 2699 1110 2750 de
1129 2697 1250 2767 predictis
1269 2696 1334 2748 iacta
1354 2695 1431 2748 fuerit

264 2799 341 2836 acusa
360 2783 402 2836 uel
422 2785 560 2837 denuncia.
580 2785 612 2838 Et
632 2797 770 2838 teneantur
783 2797 872 2838 tenere
883 2786 1085 2838 denunciatores
1098 2786 1129 2837 ed
1146 2797 1293 2838 acusatores
1306 2783 1429 2853 priuatos.

265 2881 291 2924 et
308 2871 453 2940 predictum
472 2883 599 2926 statutum
619 2890 673 2925 non
693 2873 843 2926 ostendatur
861 2873 892 2925 ad
911 2874 1017 2925 arbores
1035 2873 1089 2942 ripe
1108 2873 1176 2924 strui
1195 2889 1244 2925 nec
1258 2872 1290 2924 ad
1303 2871 1431 2940 aliasque

266 2959 371 3013 suntin
391 2959 541 3014 confinibus
560 2961 665 3031 bugelle
684 2973 710 3014 et
729 2961 837 3014 vernati.

305 3117 362 3186 366.
382 3119 424 3188 (2)
444 3119 510 3173 ltem
523 3133 650 3174 statutum
664 3134 702 3174 est
715 3124 786 3191 quod
803 3139 857 3175 non
873 3122 953 3190 possit
966 3139 1014 3174 nec
1028 3123 1120 3174 debeat
1133 3121 1187 3175 lieri
1201 3123 1308 3192 aliquod
1330 3123 1432 3176 donum

267 3205 300 3260 de
319 3209 381 3260 bere
399 3209 522 3260 comunis
541 3209 607 3262 ultra
626 3211 680 3263 XL.
701 3211 757 3262 libr.
777 3211 827 3262 nisi
847 3211 917 3280 ptius
936 3211 1032 3263 luerint
1059 3210 1199 3263 cunuocati
1226 3227 1321 3264 omnes
1339 3225 1364 3264 et
1383 3213 1434 3264 sin·

267 3297 323 3364 guli
343 3297 446 3348 domini
465 3297 561 3350 domus
589 3297 646 3350 siue
675 3299 758 3368 capita
786 3299 937 3350 domorum.
966 3312 1020 3350 tam
1039 3300 1072 3350 de
1091 3299 1169 3368 plano
1197 3316 1278 3368 quam
1297 3301 1330 3352 de
1349 3300 1434 3368 placio

268 3383 347 3436 slmul
367 3383 393 3436 in
414 3385 496 3436 domo
515 3385 651 3437 cunirarie.
671 3385 704 3438 bt
721 3386 741 3437 si
762 3385 858 3437 suerint
871 3387 898 3436 in
912 3387 1053 3438 cuncordia
1069 3385 1178 3438 faciendi
1193 3387 1295 3438 donum
1309 3386 1350 3438 uel
1364 3389 1435 3438 dona

268 3487 362 3524 omnes
381 3471 421 3524 uel
443 3473 528 3526 maior
547 3489 603 3542 pars
623 3473 748 3542 ipsorum,
767 3485 833 3543 quot
852 3475 954 3524 dimum
975 3473 1017 3524 uel
1036 3475 1106 3526 dona
1126 3473 1161 3526 sic
1181 3473 1279 3526 lactum
1305 3473 1346 3526 uel
1367 3473 1432 3526 lacta

269 3559 387 3612 soluatur
404 3561 532 3630 equaliter
551 3577 597 3630 pro
616 3561 734 3630 quolibet
753 3562 864 3613 domino
884 3561 980 3614 domus
1010 3561 1125 3614 babenti.
1145 3561 1172 3614 ln
1203 3561 1348 3614 ualimento
1369 3561 1436 3613 ultra

270 3645 327 3698 libr.
346 3646 429 3700 XXV.
449 3665 491 3718 pp.
511 3661 537 3700 et
553 3649 654 3700 donum
674 3649 716 3701 uel
736 3650 806 3702 dona
825 3649 861 3700 sic
881 3647 978 3701 sactum
1000 3649 1041 3701 uel
1065 3649 1137 3701 sacta.
1168 3663 1259 3700 contra
1289 3651 1435 3718 predictum

271 3747 396 3787 statutum
416 3735 537 3787 nolentes
555 3736 657 3789 soluere
677 3755 731 3788 non
752 3749 890 3789 teneantur
909 3753 957 3788 ne:
976 3737 1099 3804 compelli
1120 3738 1227 3804 posint.
1260 3737 1292 3788 Et
1311 3737 1361 3790 hoc
1381 3750 1435 3788 sta-

272 3833 358 3874 tuturn
379 3823 530 3892 inteligitur
548 3824 633 3876 taliter
653 3826 793 3894 precissum
814 3825 884 3894 quod
906 3841 961 3876 non
981 3826 1062 3894 possit
1082 3825 1149 3893 llupi
1170 3841 1217 3876 nec
1237 3825 1328 3876 cassari
1343 3825 1368 3878 in
1380 3838 1437 3878 toto

273 3925 321 3962 nec
340 3910 367 3963 in
386 3923 458 3981 parte
477 3929 522 3980 per
540 3923 627 3964 totum
646 3913 821 3964 consulatum.
841 3913 982 3966 consulum
1002 3913 1046 3982 qui
1067 3915 1202 3982 jurassem.

302 4207 328 4258 (r,
344 4205 393 4260 Cap.
409 4209 447 4248 lto<
463 4217 481 4248 ei
497 4221 547 4260 quae
562 4209 712 4262 subsequuntur
727 4221 844 4262 pulcriores
860 4223 905 4252 sumt
921 4214 972 4259 etti,
989 4213 1116 4264 ‘’r-*ritusque
1132 4209 1195 4248 literis
1211 4211 1322 4249 initialibus
1337 4221 1411 4250 carent.

272 4275 297 4330 Ji
311 4289 329 4316 Ιι
345 4291 388 4331 cap.
407 4289 440 4328 μιῇ
458 4283 552 4332 scriptum
568 4291 610 4319 eil:
626 4281 764 4320 Moccxllll.

304 4354 331 4402 (η
348 4349 403 4402 luxu
418 4363 461 4404 cap.
477 4351 516 4392 boc
531 4361 684 4404 scriptumest:
700 4352 838 4392 MCCCbl'll.
