3926 5542
1392 559 1442 632 169

839 699 880 768 V.

277 843 491 912 STATUTA
525 841 867 911 MALEFlClORUM
904 839 1111 908 COMUNIS
1150 839 1360 910 BUGELLE.
1401 879 1438 890 ·-

322 947 404 1016 Cod.
427 947 562 1015 membr.
586 951 644 1032 (1).

278 1175 538 1230 lNFRASCRlPTE
556 1174 656 1230 SUNT
673 1173 831 1228 RUBRICE
850 1171 1112 1227 STATUTORUM
1131 1171 1243 1226 HUIUS
1262 1173 1364 1226 LIBRI.

322 1316 362 1382 Et
385 1317 487 1404 prima
509 1315 555 1404 p.⁰
578 1332 610 1382 et
633 1316 679 1382 sic
702 1313 742 1381 de
765 1314 890 1382 ceteris.

352 1491 374 1529 1.
393 1476 434 1530 De
453 1475 539 1547 baylia
557 1475 681 1528 attributa
698 1472 810 1527 domino
828 1472 959 1542 potestati,
976 1471 1109 1536 Clauario,
1121 1483 1148 1524 et
1166 1471 1335 1526 Consulibus.
1355 1472 1400 1541 (V.
1409 1487 1443 1542 92

279 1563 312 1616 ad
332 1564 374 1634 98.
394 1563 605 1636 Rep.Moa.11).

350 1666 374 1704 2.
392 1651 435 1705 De
453 1651 547 1706 ordine
565 1651 724 1721 procedendi
743 1661 834 1704 contra
852 1647 992 1720 inquisitos
1019 1659 1046 1702 et
1072 1647 1254 1702 denunciatos
1274 1647 1319 1717 (V.
1342 1646 1391 1702 116
1410 1649 1444 1702 ad

284 1753 342 1792 121.
361 1737 410 1806 ΙΙ).

354 1841 376 1895 3.
395 1827 437 1878 De
455 1825 573 1896 personis
591 1842 644 1895 que
662 1839 771 1897 possum
789 1841 909 1880 accusare
927 1825 984 1878 sine
1002 1837 1076 1888 metu
1104 1823 1254 1892 calumpnie
1281 1824 1315 1878 de
1332 1823 1375 1878 his
1392 1841 1444 1895 que

283 1913 451 1984 requiruntur
469 1913 496 1966 in
515 1914 690 1966 accusatione.
709 1914 754 1982 (V.
776 1913 825 1968 116
843 1915 876 1968 ad
897 1928 955 1968 121.
974 1913 1020 1982 Il).

352 2017 376 2067 4.
396 2001 438 2054 De
456 2017 523 2070 pena
541 2000 720 2054 blasfemantis
738 2001 818 2054 deum
837 2015 863 2056 et
880 2015 991 2056 sanctos
1011 2002 1055 2072 (V.
1075 2017 1118 2072 71.
1138 2005 1170 2072 1).

355 2105 376 2157 5.
396 2089 438 2142 De
456 2104 523 2159 pena
542 2088 653 2141 dicentis
671 2089 751 2142 uerba
769 2088 916 2142 iniuriossa.
936 2089 980 2159 (V.
1003 2105 1042 2158 34.
1061 2106 1104 2160 95.
1123 2091 1156 2160 1).

351 2175 376 2230 6.
395 2176 438 2229 De
455 2192 523 2246 pena
542 2175 660 2228 facientis
679 2177 747 2230 rixas
765 2192 810 2228 scu
830 2177 1010 2247 appligantias.
1042 2177 1086 2246 (V.
1105 2195 1147 2248 93.
1170 2193 1227 2232 102.
1247 2179 1304 2250 nep.
1323 2179 1392 2232 Mon.
1412 2177 1446 2247 1).

352 2279 377 2332 7.
396 2262 438 2316 De
455 2279 523 2332 pena
542 2261 661 2316 lacimtis
679 2263 816 2317 insultum.
836 2264 880 2332 (V.
902 2279 946 2332 34.
961 2263 1003 2335 69.
1023 2280 1066 2335 99.
1088 2279 1145 2334 ιο3.
1165 2267 1198 2334 Ι).

351 2351 376 2404 8.
395 2351 437 2404 De
455 2367 522 2420 pena
540 2351 710 2421 percutientis
722 2365 748 2404 et
760 2355 908 2407 emanentis
917 2371 979 2408 cum
992 2355 1080 2408 armis.
1093 2355 1138 2423 (V.
1151 2355 1193 2425 98.
1207 2369 1249 2425 99.
1263 2353 1320 2426 Rep.
1333 2354 1402 2406 Man.
1412 2353 1445 2422 I).

350 2455 375 2510 9.
394 2439 436 2492 De
454 2455 521 2508 pena
540 2439 719 2494 abscindentis
738 2440 780 2493 uel
799 2441 959 2496 debilimntis
978 2444 1139 2496 membrum.

337 2541 377 2581 10.
397 2529 439 2580 De
457 2543 525 2596 pena
542 2528 706 2582 comittentis
723 2528 909 2595 homicidium,
919 2530 1069 2584 mandantis
1086 2543 1114 2584 et
1131 2531 1269 2601 prestantis
1286 2547 1374 2602 opem.

337 2631 376 2670 11.
396 2617 437 2670 De
455 2633 522 2686 pena
540 2617 745 2670 amasinatorum
763 2629 790 2671 et
808 2617 996 2672 ueneficorum.

337 2719 376 2758 12.
396 2703 437 2757 De
455 2721 522 2774 pena
540 2705 707 2774 euaginantis
724 2705 853 2774 gladium.
873 2707 918 2774 (V.
940 2722 980 2776 34.
999 2708 1042 2778 98.
1061 2723 1103 2778 99.
1123 2707 1160 2776 1).

338 2807 377 2860 13.
397 2791 439 2844 De
456 2808 524 2861 pena
543 2792 681 2846 inuitantis
698 2792 815 2864 aliquem
833 2793 866 2846 ad
885 2793 985 2848 bellum
1004 2793 1123 2848 duellum
1142 2795 1185 2847 uel
1203 2794 1410 2849 altercationem.

340 2894 380 2945 ι4.
399 2878 441 2934 De
459 2895 526 2948 pena
544 2879 710 2934 trahendum
728 2881 760 2933 ad
779 2880 864 2934 rixam
883 2881 925 2934 uel
944 2898 1080 2936 rumorem
1098 2882 1143 2952 (V.
1162 2898 1205 2953 99.
1224 2882 1281 2954 Rep.
1293 2881 1363 2935 Mon.
1378 2883 1411 2950 l).

338 2981 378 3034 ι3.
397 2965 439 3019 De
456 2981 524 3036 pena
543 2965 661 3020 fanum
678 2979 811 3022 strumum
830 2969 1049 3022 seu-tumultum.

340 3051 379 3106 16.
398 3053 439 3107 De
457 3070 525 3124 pena
543 3055 744 3108 comittencium
762 3057 939 3124 parricidium.

339 3155 379 3209 17.
398 3139 440 3194 De
458 3158 525 3210 perra
543 3142 687 3196 hominum
706 3143 815 3212 liugelle
833 3142 964 3196 stancium
977 3143 1020 3196 uel
1033 3143 1214 3198 habitancium
1227 3144 1255 3196 in
1271 3143 1381 3214 Bugella
1394 3161 1449 3214 per-

284 3228 444 3283 meientium
454 3225 569 3300 aliquem
588 3247 643 3285 non
662 3231 813 3285 subdictum
831 3232 971 3301 potermrie
988 3243 1056 3285 terre
1074 3232 1196 3301 predicte.

340 3316 379 3370 18.
399 3315 480 3381 Quod
499 3318 521 3370 si
539 3317 598 3388 quis
616 3319 650 3372 de
667 3317 773 3388 bugella
791 3319 906 3372 uoluerit
923 3319 1038 3390 allegare
1052 3319 1257 3391 suprascriptum
1270 3331 1397 3374 statutum
1415 3320 1448 3374 ad

284 3403 325 3458 sui
343 3403 525 3459 defensionem
543 3405 576 3459 de
594 3405 642 3461 illo
660 3405 741 3460 fidem
758 3407 851 3477 ludicii
871 3405 956 3460 iaciat

340 3507 380 3564 19.
399 3491 522 3556 Qualiter
539 3493 684 3564 uniquique
701 3493 779 3548 liceat
796 3511 824 3548 se
842 3494 990 3550 defendere.
1009 3496 1054 3566 (V.
1073 3493 1098 3550 6.
1119 3493 1160 3551 26.
1180 3510 1222 3566 27.
1241 3496 1275 3565 l).

340 3593 381 3632 20.
401 3579 443 3634 De
461 3597 529 3651 pena
546 3581 721 3652 dupplieanda
739 3583 761 3636 si
780 3581 906 3636 delictum
925 3582 1003 3636 fuerit
1020 3584 1165 3637 comissum
1195 3584 1223 3636 in
1243 3583 1375 3654 presencia
1393 3583 1449 3636 offi-

285 3667 393 3721 cialium
413 3668 455 3722 uel
474 3669 502 3722 in
521 3685 615 3723 corum
634 3687 754 3740 persona.
774 3671 819 3740 (V.
842 3686 881 3740 34.
900 3686 943 3741 94.
962 3672 992 3735 Ι;
1011 3687 1053 3742 93.
1073 3671 1130 3742 Rep.
1150 3672 1220 3724 Man.
1239 3671 1271 3741 1).

340 3769 382 3809 21.
401 3754 443 3809 De
461 3773 528 3826 perra
547 3757 750 3826 procurancium
769 3774 815 3810 scu
834 3757 987 3812 laciendum
1006 3757 1118 3812 seminas
1136 3759 1251 3812 abortiri.

339 3857 382 3896 ιι.
400 3842 442 3897 De
460 3859 528 3913 pena
545 3843 703 3898 iaciendum
721 3843 832 3898 iactums
849 3861 896 3899 seu
915 3857 1072 3916 magaturas

341 3945 382 4000 ι3.
401 3930 444 3985 De
461 3947 529 4001 pena
547 3931 711 3986 comittentis
729 3931 896 3986 adulterium.

340 4033 383 4086 24
403 4018 486 4084 Quod
504 4017 599 4090 iliquis
617 4019 854 4091 nonjntelligatur
871 4020 1007 4074 comisisse
1024 4019 1184 4074 adulterium
1201 4019 1313 4074 muliere
1331 4019 1422 4075 inuita

315 4227 342 4281 (ι)
358 4227 437 4270 ilerum
452 4239 575 4271 atamtorum
589 4229 653 4280 aliud,
667 4239 688 4271 et
702 4231 755 4271 idem
770 4229 811 4271 iere
826 4229 851 4270 ad
865 4229 956 4280 verbum,
971 4229 1056 4272 habetur
1069 4229 1182 4286 eaemplum
1196 4231 1217 4272 ia
1232 4229 1330 4272 maculo
1344 4229 1449 4272 chartacea

286 4311 348 4339 mean
362 4297 444 4352 Ferrarii
459 4309 480 4340 et
493 4300 605 4354 ingruenu
618 4299 717 4340 nonnulla
731 4301 766 4341 alii
780 4301 857 4342 codicis
871 4301 1001 4348 membranei,
1016 4301 1122 4356 deperditi.
1137 4301 1166 4343 Ut
1179 4301 1255 4356 passim
1268 4301 1337 4342 ridere
1350 4311 1390 4352 aar,
1404 4313 1451 4342 ean

287 4369 328 4410 biis
342 4369 419 4411 codicia
434 4370 543 4412 lectionem
556 4371 689 4422 contulimus,
704 4371 861 4426 discriminaque
875 4372 1026 4412 adnotavimus.
