3978 5546
533 463 551 519 8

571 585 611 656 36.
629 583 773 652 [XXXVI]
793 584 861 636 Item
879 594 1007 636 statutam
1025 595 1065 638 est
1083 584 1156 655 quod
1174 583 1286 654 quilibet
1294 582 1340 652 qui
1350 581 1429 636 luerit
1437 581 1699 651 clanariusprotem·

532 674 639 746 poribus
656 673 752 726 habeat
768 673 845 726 omni
863 687 936 726 anno
954 671 1020 726 vltra
1038 671 1163 726 salarium
1186 671 1340 726 ordinatum
1358 686 1406 742 per
1422 669 1473 724 alia
1491 681 1595 724 statuta
1613 685 1648 722 ea
1665 685 1699 722 eo

531 763 603 834 quod
620 763 697 817 omni
715 762 759 816 die
775 772 881 814 oenetur
891 760 982 814 venire
994 761 1026 814 ad
1037 760 1172 814 bandtum
1181 775 1230 830 pro
1238 759 1342 813 iusticia
1351 757 1469 814 iacienda
1478 758 1579 812 solidos
1589 757 1645 812 XL.
1655 771 1698 828 pp.

568 919 608 974 37.
629 901 782 972 {xxxva}
803 902 846 972 (1)
864 901 932 954 Item
950 913 1079 954 statutum
1092 913 1118 954 et
1130 900 1283 954 ordinatum
1301 913 1340 954 est
1356 899 1428 970 quod
1441 899 1563 954 consules
1575 897 1698 952 comunis

530 991 636 1061 bugella
653 990 750 1044 faciant
767 989 843 1043 omni
861 1003 934 1042 anno
948 989 1063 1059 Judicari
1083 990 1169 1042 banna
1187 999 1214 1041 et
1232 1005 1337 1041 accusas
1355 988 1393 1041 eis
1411 985 1516 1042 lactaret
1528 999 1633 1042 armata
1651 987 1699 1040 lto

530 1081 636 1133 minum
654 1077 808 1132 lorerrsium
827 1091 874 1148 per
891 1090 1006 1148 quatuor
1022 1078 1153 1147 sapientes
1171 1077 1205 1130 de
1223 1078 1355 1132 credentia
1374 1075 1481 1146 bugelle
1492 1078 1525 1130 ad
1538 1075 1698 1130 hocelecros

530 1186 576 1239 per
593 1169 676 1223 dictos
695 1166 824 1222 consules.
843 1166 889 1236 qui
908 1167 996 1218 iurent
1005 1166 1126 1235 Judicare
1139 1167 1207 1218 bene
1218 1179 1245 1218 et
1257 1165 1383 1235 legaliter.
1397 1165 1582 1218 conseruando
1590 1164 1699 1218 cuilibet

529 1258 571 1310 ius
588 1273 667 1310 suum
677 1255 824 1309 secundum
833 1253 948 1307 sormam
957 1265 1117 1308 statutorum
1136 1254 1259 1307 comunis
1278 1253 1384 1323 bugelle
1402 1265 1429 1308 et
1447 1269 1546 1325 ponere
1558 1255 1586 1308 in
1596 1253 1698 1324 scriptis

529 1347 558 1399 in
573 1343 641 1399 libro
659 1343 857 1398 accusationum
870 1341 1014 1396 hominum
1024 1341 1170 1396 forensium
1180 1343 1292 1396 nomina
1304 1341 1453 1412 sapientum
1465 1342 1511 1413 qui
1524 1341 1699 1396 iudicauerint

528 1433 610 1486 dictas
628 1447 725 1487 acusas
744 1443 771 1484 ct
789 1430 918 1485 clauarius
936 1443 1057 1484 teneatur
1075 1447 1108 1482 ex
1126 1441 1290 1483 sacramento
1309 1431 1386 1483 omni
1404 1447 1476 1483 anno
1489 1445 1588 1501 ponere
1600 1429 1697 1484 librum

528 1521 657 1576 dictarum
676 1520 860 1573 acusationum
870 1516 1016 1572 sorensium
1026 1519 1054 1571 in
1067 1518 1177 1572 archiuo
1188 1518 1319 1572 comunis
1329 1517 1396 1572 infra
1406 1517 1504 1572 festum
1514 1517 1698 1572 resurectionis

527 1610 640 1665 domini.
659 1621 800 1680 postquam
817 1607 929 1662 exiuerit
947 1607 981 1662 de
999 1607 1145 1662 consolatu
1164 1623 1228 1662 cum
1248 1607 1307 1677 alijs
1334 1606 1407 1662 libais
1433 1607 1633 1662 accusationum
1651 1607 1699 1661 lto

528 1697 635 1752 minum
652 1699 686 1752 de
704 1696 818 1768 bugella.
837 1708 864 1750 et
876 1696 994 1750 notarius
1006 1708 1127 1750 terreanu
1138 1697 1167 1750 in
1178 1696 1251 1750 dicto
1263 1696 1331 1750 libro
1343 1696 1543 1751 accusationum
1551 1695 1699 1752 lorntsium

531 1802 632 1858 ponere
650 1785 817 1840 defensiones
843 1795 1012 1838 aeneatorum
1030 1797 1057 1838 et
1074 1785 1144 1840 dicta
1161 1784 1270 1838 metium
1280 1800 1326 1856 prr
1338 1795 1542 1840 sacramencum.
1552 1795 1580 1838 et
1590 1783 1620 1838 in
1629 1799 1699 1854 pena

534 1871 691 1928 solidorum.
709 1873 768 1927 XX
787 1889 835 1944 pro
853 1872 970 1943 qualibet
988 1873 1047 1926 uice
1065 1889 1117 1943 qua
1136 1884 1227 1926 contra
1246 1871 1343 1926 fecerit

566 2016 606 2084 38.
628 2014 730 2084 [XLV]
750 2014 794 2085 (a)
813 2014 880 2067 ltem
898 2026 1027 2068 statutum
1046 2025 1072 2067 et
1090 2013 1243 2068 ordinatum
1262 2015 1392 2088 estquod
1411 2015 1535 2070 consules
1552 2027 1579 2069 et
1593 2014 1700 2068 creden·

528 2105 599 2175 ciatij
620 2103 743 2157 comunis
762 2102 876 2174 bugelle.
895 2115 922 2156 et
940 2103 1062 2156 consules
1075 2101 1298 2172 magistraliarum
1310 2104 1357 2174 qui
1366 2120 1415 2174 pro
1428 2103 1592 2174 temporibus
1601 2102 1699 2158 luerint

528 2204 668 2246 teneantur
694 2209 785 2246 curare
811 2203 837 2245 et
866 2189 951 2245 lacere
978 2208 1040 2244 cum
1067 2190 1162 2245 effectu
1191 2203 1218 2246 et
1236 2209 1282 2262 per
1300 2208 1394 2248 eorum
1413 2205 1609 2247 sacramentum
1625 2193 1699 2264 quod

528 2297 623 2334 omues
640 2294 667 2334 et
685 2279 790 2352 singule
808 2295 935 2351 expensse
953 2295 1006 2350 que
1024 2277 1089 2333 fient
1106 2280 1140 2333 de
1159 2291 1247 2334 cetero
1265 2281 1378 2334 nomine
1396 2281 1521 2334 comunis
1538 2279 1653 2352 bugelle.
1673 2293 1700 2334 et

528 2369 706 2423 demandato
724 2369 806 2440 ipsius
824 2368 948 2422 comunis
967 2385 1014 2422 seu
1033 2368 1170 2422 credencie
1188 2368 1327 2423 soluantur
1353 2381 1498 2440 antequam
1516 2368 1640 2423 consules
1657 2385 1701 2423 co

528 2457 617 2511 munis
636 2457 749 2528 bugelle.
769 2458 797 2510 in
816 2473 931 2528 quorum
950 2455 1089 2511 consulatu
1108 2473 1235 2527 expensse
1252 2456 1319 2511 lacte
1337 2456 1435 2512 luerint
1452 2470 1547 2511 exeant
1559 2458 1593 2511 de
1605 2473 1699 2512 eorum

528 2546 659 2617 regimine
676 2558 703 2600 et
720 2545 859 2600 consulatu
881 2559 907 2599 et
925 2545 1093 2616 credenciarij
1114 2562 1144 2598 ac
1163 2546 1285 2600 consules
1303 2546 1526 2616 magistraliarum
1544 2545 1611 2599 infra
1630 2547 1699 2600 duos

528 2651 646 2688 mensses
664 2647 805 2705 postquam
823 2650 950 2704 expensse
967 2633 1037 2688 lacte
1054 2633 1160 2688 fuerint.
1179 2647 1206 2688 et
1224 2646 1367 2705 antequam
1385 2633 1509 2688 consules
1525 2635 1554 2687 in
1582 2651 1697 2706 quorum

528 2723 667 2778 consulatu
681 2723 748 2777 lacte
760 2722 859 2777 luerint
870 2739 986 2793 expense
997 2723 1030 2776 de
1042 2739 1137 2776 eorum
1150 2723 1298 2777 consulatu
1311 2735 1339 2776 et
1350 2721 1440 2776 officio
1453 2735 1549 2776 exunt
1557 2735 1699 2776 tenmnntr

527 2824 554 2864 et
571 2812 685 2865 debcant
702 2811 836 2881 assignare
855 2823 881 2864 et
899 2811 1022 2865 ordinare
1040 2812 1153 2864 modum
1172 2823 1200 2865 et
1217 2810 1332 2865 lonnam
1351 2828 1398 2882 per
1415 2827 1481 2883 quas
1493 2813 1700 2882 dicteexpensse

528 2899 674 2954 soluantur.
693 2912 720 2953 et
737 2901 791 2954 sint
808 2912 906 2953 esame.
926 2916 988 2952 cum
1008 2899 1111 2953 ellectu.
1130 2899 1169 2953 lta
1188 2900 1261 2971 quod
1280 2901 1336 2970 ipsa
1354 2901 1504 2954 comunitas
1523 2900 1556 2953 ab
1574 2899 1637 2970 ipsis
1655 2900 1699 2953 de·

529 2989 590 3042 bitis
607 3001 634 3041 et
652 2988 819 3042 absolutione
838 3005 978 3042 usurarum
996 2987 1064 3042 iufra
1082 2989 1183 3042 dictum
1202 3001 1307 3060 tempus
1325 2989 1360 3042 sit
1377 2989 1546 3043 exhonetata
1565 2989 1600 3042 Et
1612 2988 1633 3042 si
1645 3005 1700 3059 pre·

531 3079 601 3131 dicta
619 3094 675 3130 non
706 3077 816 3130 tecerint
833 3093 896 3130 cum
913 3076 1028 3159 ellectu.
1058 3077 1237 3148 Credenciarij
1266 3089 1293 3131 et
1320 3078 1443 3132 consules
1469 3077 1698 3148 magistrariarum

529 3166 631 3236 possint
649 3165 787 3218 conueniri
805 3177 938 3218 eteorum
950 3166 1021 3218 bona
1034 3181 1049 3218 a
1062 3165 1234 3219 creditoribus
1246 3165 1292 3237 qui
1305 3165 1446 3236 pecuniam
1459 3166 1592 3219 dedissent
1603 3177 1700 3218 mutuo

529 3253 682 3308 consulibus
701 3252 744 3306 uel
762 3253 872 3306 comuni
891 3241 998 3324 bugelle
1015 3269 1064 3323 pro
1081 3253 1144 3306 inde
1162 3270 1192 3307 ac
1210 3254 1232 3305 si
1251 3265 1338 3307 essent
1356 3271 1403 3325 pro
1422 3271 1516 3307 eorum
1544 3253 1656 3324 propriis
1673 3265 1701 3307 et

528 3341 685 3412 specialibus
703 3341 835 3395 debitibus
853 3341 1007 3412 obligando.
1026 3342 1060 3394 Et
1078 3341 1162 3411 ipsam
1190 3342 1384 3396 comunitatem
1411 3341 1519 3413 bugelle
1537 3342 1701 3396 exhonerare

528 3447 544 3483 a
562 3431 686 3501 dampnis
704 3430 825 3501 expensis
844 3442 870 3483 et
887 3430 1014 3483 interesse
1032 3445 1085 3500 que
1102 3430 1247 3483 incurreret
1265 3429 1409 3484 occaxione
1432 3431 1611 3501 predictorum
1630 3428 1700 3483 debi-

528 3531 618 3572 torum
636 3531 781 3572 transsacto
799 3517 938 3572 consulatu
957 3530 984 3572 et
1002 3531 1122 3588 tempore
1140 3519 1326 3589 suprascriptis.

569 3677 608 3731 39.
630 3660 744 3730 [xlvi]
765 3661 833 3714 Item
851 3671 980 3715 statutum
999 3672 1039 3714 est
1056 3660 1129 3732 quod
1147 3660 1194 3730 qui
1207 3659 1286 3714 luerit
1297 3661 1391 3714 consul
1402 3677 1458 3716 vno
1470 3677 1543 3716 amo
1552 3677 1608 3714 non
1618 3659 1700 3730 posit

529 3767 585 3805 esse
603 3750 697 3805 consul
715 3767 731 3804 a
749 3750 793 3804 die
811 3748 879 3803 liniti
897 3751 938 3804 sui
956 3749 1038 3822 officij
1058 3765 1142 3819 usque
1160 3750 1193 3804 ad
1210 3761 1325 3820 quatuor
1342 3765 1429 3804 annos
1446 3749 1601 3821 completos

557 3944 585 3996 lt)
603 3943 654 3998 cip.
668 3943 767 3984 XXXVII
781 3942 821 3983 alia
835 3956 896 3984 manu
910 3943 993 3997 alioque
1007 3953 1098 3998 tempore
1112 3953 1215 3984 exaratum
1228 3944 1316 3984 videtur.

557 4015 584 4066 (a)
596 4013 657 4061 Quae
671 4014 760 4067 capitula
774 4015 827 4054 inter
842 4017 866 4064 38
879 4024 900 4054 et
913 4027 940 4065 44
954 4015 1085 4054 continentur
1105 4015 1207 4068 posterius
1233 4015 1307 4068 scripta
1328 4014 1439 4054 videntur:
1454 4027 1520 4068 neque
1535 4012 1613 4054 initiale
1626 4013 1700 4053 horum

528 4085 599 4126 literae
613 4085 708 4124 miniatae
722 4095 778 4124 sunt.
792 4083 869 4124 Eadem
889 4095 991 4139 praeterea
1012 4095 1060 4125 sunt
1082 4085 1135 4125 folio
1149 4095 1236 4133 exarata,
1250 4085 1306 4138 quod
1320 4085 1412 4124 additum
1426 4086 1509 4139 insuper
1522 4094 1567 4125 est:
1582 4085 1644 4138 idque
1657 4097 1701 4125 uon

529 4158 551 4198 iu
565 4155 613 4196 loco
626 4167 675 4204 auo,
689 4157 726 4196 aed
739 4166 787 4210 post
800 4169 847 4210 cup.
863 4167 884 4207 ςι
901 4169 938 4210 μ
950 4169 1039 4197 errorem
1053 4157 1167 4210 antiquitus
1180 4157 1280 4196 insutum.
1302 4155 1355 4196 Sane
1368 4157 1424 4196 enim
1438 4157 1460 4196 in
1474 4156 1565 4208 etum
1579 4154 1627 4196 tulit
1639 4157 1701 4196 initio

529 4226 1116 4282 tegiturmdaamntnlrtcadmmldmtlotir
1135 4237 1203 4268 tamen
1220 4225 1475 4282 nmiumtulngula
1496 4227 1571 4268 annin
1591 4225 1701 4268 bede·

530 4308 613 4340 renmr:
628 4307 689 4351 atque
702 4297 750 4339 ltine
763 4298 872 4340 discrimen
887 4297 939 4338 illud
953 4298 1006 4339 later
1018 4307 1102 4339 nonina
1116 4297 1209 4340 ambiens
1222 4307 1243 4338 et
1257 4309 1354 4338 manos
1368 4297 1446 4338 codicia
1460 4309 1565 4340 amos.
