3958 5540
1420 511 1453 566 97

325 621 368 686 48.
387 620 456 674 Item
474 620 546 690 quod
574 637 619 690 per
645 631 730 672 costes
760 618 835 690 placij
855 635 911 674 non
939 617 1020 690 possit
1038 619 1132 674 ducere
1157 619 1255 672 dictam
1273 617 1388 690 Rugianr
1407 619 1455 672 sub

290 709 382 763 benno
400 707 549 762 solidorum
567 708 625 761 XX.

323 863 366 920 49.
386 848 453 901 Item
472 848 543 920 quod
562 863 617 900 non
637 847 713 900 liceat
731 864 789 900 enm
808 849 903 901 ducere
921 849 954 902 de
972 847 1078 901 emedio
1097 846 1173 917 junio
1191 847 1319 917 usquead
1332 859 1452 900 sanctum

288 938 426 994 eusebium
444 949 470 990 et
488 953 503 990 a
522 947 610 990 sancta
629 935 710 988 marin
729 936 883 1006 septembris
901 953 984 1006 usque
1002 937 1034 989 ud
1048 934 1143 988 festum
1156 935 1279 988 omnium
1292 948 1452 988 sanctorum.

326 1093 365 1148 50.
385 1077 455 1131 Item
474 1075 546 1146 quod
565 1073 654 1130 nullus
672 1076 750 1130 ducat
767 1077 865 1130 dictem
883 1076 999 1146 Regiam
1017 1087 1089 1128 ertru
1107 1075 1173 1128 fines
1191 1075 1314 1129 territorii
1346 1074 1451 1144 bugeiie

288 1183 337 1220 nec
355 1165 416 1220 duci
434 1164 561 1218 concedet
579 1175 624 1218 sut
642 1163 789 1218 consentiat
807 1165 855 1218 sub
875 1165 964 1218 banno
982 1162 1129 1218 solidorum
1146 1163 1203 1218 XL.

326 1323 366 1378 51.
386 1307 452 1362 Item
471 1305 543 1376 qnod
562 1306 583 1358 si
602 1305 689 1376 aliqua
719 1304 805 1375 Rugis
832 1305 940 1359 inuenta
967 1305 1091 1360 fueritin
1109 1305 1196 1376 aliqua
1224 1305 1389 1376 possessione
1406 1303 1451 1358 ilie

288 1397 333 1468 qui
352 1397 436 1467 ipsam
455 1395 649 1466 possessionem
667 1407 767 1447 teneret
785 1393 871 1448 solunt
888 1410 936 1465 pro
955 1393 1071 1467 qualibet
1088 1395 1132 1448 die
1150 1393 1249 1448 solidos
1267 1395 1325 1448 XX.

325 1551 364 1606 52.
384 1535 454 1591 Item
473 1537 545 1606 quod
564 1535 665 1590 ratione
684 1535 797 1604 incendii
818 1551 864 1604 per
881 1551 1014 1605 quemque
1033 1534 1123 1590 locum
1141 1533 1277 1607 publicum
1289 1535 1376 1606 Rugia
1389 1533 1449 1588 duci

286 1639 375 1697 possit.

323 1783 362 1837 53.
382 1766 452 1822 Item
463 1766 535 1837 quod
544 1763 633 1818 nullus
642 1777 775 1835 presumat
784 1781 905 1834 rumpere
914 1763 996 1818 sulcia
1005 1763 1149 1820 alienasub
1159 1763 1248 1820 buum
1258 1763 1406 1820 solidorum
1416 1765 1449 1820 X.

323 1925 362 1978 54.
383 1908 452 1968 Item
471 1907 544 1977 quod
563 1907 608 1978 qui
627 1905 732 1960 traxerit
751 1906 854 1976 rugiam
874 1903 944 1976 plani
963 1906 997 1958 de
1016 1919 1065 1960 suo
1084 1905 1153 1960 lecto
1171 1904 1258 1962 soluat
1275 1905 1377 1960 solidos
1396 1907 1429 1962 X

322 2087 361 2138 55.
381 2070 448 2123 Item
467 2069 539 2141 quod
557 2066 668 2138 quilibet
685 2067 779 2120 debent
796 2083 856 2120 enm
875 2079 987 2124 neutum
1014 2079 1041 2120 et
1068 2067 1252 2121 remondetnm
1279 2079 1368 2120 tenore
1386 2078 1447 2120 unte

284 2157 395 2210 domum
414 2173 490 2210 suom
508 2154 544 2209 ite
563 2155 634 2226 quod
653 2172 708 2208 non
727 2154 876 2224 spargaria
895 2153 937 2207 via
955 2166 982 2207 et
999 2152 1102 2208 vicinus
1120 2155 1153 2208 ab
1180 2167 1289 2227 utraque
1315 2165 1395 2224 parte,
1414 2155 1447 2207 ad

283 2245 335 2298 hoc
353 2243 521 2298 contribuere
540 2253 660 2296 tenentur
677 2244 726 2296 sub
745 2243 834 2296 banno
853 2241 1002 2296 solidorum
1019 2241 1053 2296 X

459 2455 484 2509 6.
505 2455 552 2508 DE
571 2451 808 2509 MOLENDINIS.
829 2483 859 2492 —
886 2451 939 2505 fot.
959 2467 1014 2504 etv.
1034 2451 1144 2520 (Sirmio
1162 2451 1268 2522 desunt).

510 2663 534 2718 7.
557 2649 604 2704 DE
623 2647 761 2704 FURNIS.
782 2677 813 2686 —
834 2645 888 2700 fot.
907 2661 951 2700 cv,
971 2645 1083 2715 (Steiuiu
1101 2647 1210 2716 desunt).

612 2843 636 2896 8.
657 2841 705 2896 DE
723 2839 912 2896 TABERNIS.
934 2871 965 2880 -
986 2839 1039 2894 for.
1059 2855 1114 2894 cm.

321 3035 358 3102 56.
380 3035 450 3089 Item
470 3047 595 3088 statutum
615 3035 743 3106 estquod
763 3034 835 3087 nulia
854 3051 964 3104 persona
992 3036 1084 3087 debent
1103 3034 1163 3086 dore
1183 3035 1270 3087 bibere
1289 3035 1331 3088 uel
1350 3051 1444 3090 come-

280 3125 341 3176 dere
360 3124 387 3175 in
407 3125 513 3176 taberna
532 3124 609 3176 alicui
628 3124 739 3186 consuli,
751 3124 863 3186 notario,
873 3123 1015 3191 militiano,
1032 3122 1168 3175 forestario
1188 3123 1229 3176 uel
1249 3124 1367 3176 servitori
1381 3125 1443 3178 dini

279 3213 402 3264 comunis
421 3225 529 3279 excepto
549 3213 575 3263 in
595 3213 726 3266 conuiuiis
745 3212 879 3264 ordinatis.
894 3211 926 3264 Et
940 3211 1005 3262 dans
1023 3225 1049 3264 et
1062 3210 1309 3280 aecipienssoiunnt
1322 3229 1445 3284 proquo

280 3300 342 3353 libet
362 3311 387 3352 et
407 3299 523 3370 qualibet
543 3301 600 3352 uice
618 3300 719 3352 solidos
738 3301 796 3354 XX

652 3527 676 3581 9.
697 3513 744 3566 DE
765 3512 843 3584 VIJS.
865 3543 894 3554 -
917 3513 969 3566 fn.
989 3527 1065 3568 cunr.

314 3723 354 3774 57.
376 3706 409 3761 In
430 3705 522 3776 primis
540 3717 667 3760 statutum
687 3707 815 3776 estquod
834 3707 957 3778 comperii
977 3725 1131 3779 camporum
1151 3712 1262 3766 debeant
1281 3727 1370 3768 tenere
1388 3715 1442 3768 vins

275 3797 307 3848 de
326 3795 425 3866 campis
444 3807 539 3848 retatus
559 3811 604 3866 per
622 3807 709 3849 totum
728 3811 831 3850 annum
849 3797 898 3850 sub
918 3798 1006 3850 banno
1037 3799 1184 3854 solidorum
1203 3801 1235 3856 X
1256 3820 1302 3872 pro
1321 3803 1439 3874 quolibet

276 3902 402 3954 ipsomm.

313 4047 351 4110 58.
372 4043 437 4095 itern
457 4043 527 4112 quod
547 4041 567 4094 si
587 4040 681 4112 aliquis
699 4055 858 4112 conquestus
877 4041 953 4096 suerit
972 4043 1123 4097 consulibus
1142 4061 1169 4098 se
1188 4064 1242 4100 non
1263 4049 1437 4106 habereuinnr

274 4132 314 4182 uel
335 4133 434 4182 exitum
454 4132 486 4182 πιὶ
507 4149 581 4184 sunm
601 4132 793 4200 qmssessionenr
821 4131 942 4184 consules
970 4133 1068 4184 vocatis
1097 4135 1189 4186 uicinis
1218 4138 1343 4204 proximis
1372 4141 1440 4192 dicte

275 4219 445 4288 anssessionis
464 4219 564 4285 eligant
584 4233 698 4289 quatuor
715 4221 845 4288 sapientes
864 4219 909 4290 qui
929 4220 1015 4272 iurent
1034 4221 1065 4272 nd
1085 4235 1173 4274 sancta
1191 4223 1233 4276 dei
1246 4227 1383 4288 eunnqeiia
1404 4230 1441 4282 ire

273 4307 306 4359 si
327 4307 413 4376 ipsum
433 4305 522 4360 locum
541 4319 567 4360 et
587 4306 697 4361 fideliter
715 4320 741 4360 et
760 4308 900 4377 diligenter
918 4311 1049 4381 inquirere
1067 4311 1088 4364 si
1103 4311 1180 4364 habet
1192 4314 1325 4383 proprium
1339 4317 1439 4370 exitum

327 4428 409 4470 Senes.
426 4450 448 4460 -
467 4441 484 4469 ι.
1375 4449 1386 4490 7
