3926 5542
516 411 566 478 146

514 547 599 588 totam
617 535 781 588 credenciam
800 551 847 588 seu
866 534 953 588 saltim
971 535 1037 589 duas
1065 547 1150 604 partes
1168 547 1194 588 et
1212 533 1278 587 vltra
1305 532 1431 586 omnium
1448 532 1679 586 credendariomm
1719 595 1741 608 ,

514 625 633 677 eiusdem
650 623 710 676 loci.
729 625 762 677 Et
781 623 826 694 qui
846 623 1016 692 Credendarij
1037 635 1124 677 totum
1146 623 1274 694 populum
1293 621 1345 675 loci
1364 619 1474 692 Bugelle
1486 632 1513 674 et
1526 620 1679 674 sanniorem

512 724 613 781 partem
632 723 810 781 representant
828 711 855 764 in
875 727 926 781 qua
946 712 1057 781 quidem
1075 711 1221 765 Credencia
1234 711 1303 763 inter
1315 722 1400 762 cetera
1414 725 1460 780 per
1471 709 1543 779 ipsos
1555 709 1681 763 dominos

512 799 666 852 Clauarium
685 811 711 852 et
728 799 850 852 consules
870 815 900 852 ac
917 800 1103 852 credendarios
1115 816 1193 868 supra
1205 797 1359 852 nominatos
1371 797 1497 851 omnibns
1508 797 1681 851 existentibus

514 885 541 940 in
560 887 701 940 concordia
719 899 746 940 et
763 887 872 939 nemine
892 887 1057 955 discrepante
1076 887 1110 940 de
1129 885 1266 940 Conscilio
1284 885 1438 955 speciabilis
1465 885 1530 954 juris
1547 884 1683 954 utriusque

514 974 629 1026 doctoris
646 973 750 1029 domini
765 973 855 1043 Jacobi
875 973 908 1026 de
929 973 1029 1041 putheo
1054 973 1110 1025 nati
1128 989 1200 1026 nunc
1218 973 1354 1043 quondam
1381 971 1486 1025 Nobilis
1512 970 1631 1024 Simonis
1649 971 1683 1023 de

513 1061 613 1131 putheo
632 1062 664 1112 de
683 1061 792 1130 Bugella
810 1061 843 1112 ad
862 1061 998 1113 honorem
1028 1061 1079 1130 dey
1109 1073 1135 1112 et
1155 1061 1234 1114 Beate
1263 1060 1346 1113 marie
1364 1059 1474 1128 virginis
1492 1075 1523 1112 ac
1541 1059 1683 1112 Beatorutn

515 1149 620 1218 Eusebij
641 1148 767 1217 Stephani
786 1159 812 1200 et
830 1148 917 1199 iacobi
937 1159 1113 1216 patronorum
1131 1147 1251 1200 eiusdem
1270 1147 1322 1200 loci
1336 1145 1445 1216 Bugelle
1457 1163 1488 1198 ac
1505 1147 1539 1199 ad
1551 1146 1683 1199 honorem

517 1247 544 1288 et
554 1247 748 1305 augumentum
760 1246 842 1286 status
854 1234 1028 1290 Illustrissimi
1042 1235 1147 1287 domini
1161 1235 1266 1287 domini
1279 1234 1362 1287 nostri
1375 1235 1450 1287 ducis
1462 1233 1593 1287 Sabaudie
1604 1245 1685 1302 utque

518 1341 564 1393 per
582 1323 743 1392 presenciam
761 1321 933 1374 dominomm
952 1334 1130 1390 potestatuum
1149 1321 1212 1374 dicti
1230 1322 1282 1374 loci
1298 1322 1343 1390 qui
1363 1337 1435 1374 nunc
1447 1333 1509 1374 sunt
1521 1333 1547 1374 et
1560 1337 1608 1390 pro
1620 1331 1685 1373 tem-

519 1428 582 1480 pore
599 1409 697 1462 fuerint
714 1421 811 1461 crescm
829 1421 982 1478 procuretur
1001 1421 1027 1462 et
1045 1421 1233 1478 augmentetur
1251 1409 1348 1462 utilitas
1366 1425 1418 1478 que
1447 1420 1567 1462 seruetur
1584 1420 1611 1461 et
1628 1425 1685 1461 non

519 1496 683 1550 diminuatur
700 1513 746 1564 per
763 1495 913 1548 absenciam
930 1497 1049 1565 ipsorum
1063 1495 1238 1548 dominorum
1251 1507 1430 1566 potestatuum
1443 1507 1469 1546 et
1481 1495 1515 1547 ad
1528 1507 1685 1564 perpetuum

520 1595 618 1637 statum
635 1584 758 1635 comunis
776 1594 802 1635 et
820 1581 963 1636 hominurn
982 1583 1045 1634 dicti
1063 1582 1115 1635 loci
1135 1599 1164 1635 ac
1183 1583 1264 1635 etiam
1283 1583 1315 1636 ad
1334 1581 1518 1635 detonsionem
1536 1581 1626 1650 ipsius
1645 1583 1685 1636 Ex

521 1682 649 1740 potestate
667 1682 692 1723 et
711 1670 798 1740 baylia
825 1670 874 1739 ipsi
900 1670 1058 1723 comunitati
1086 1682 1113 1723 et
1131 1670 1286 1723 hominibus
1304 1670 1357 1722 loci
1375 1668 1481 1738 bugelle
1498 1685 1623 1724 concessa
1640 1687 1687 1740 per

522 1758 675 1828 prelibatum
693 1757 898 1810 Illustrissimam
919 1758 1135 1810 dominacionem
1155 1756 1285 1810 Sabaudie
1297 1758 1389 1826 vigore
1402 1769 1540 1827 pactorum
1554 1757 1685 1811 Initnntm

522 1846 590 1899 inter
607 1845 816 1897 Illustrissimum
835 1845 977 1898 dominum
995 1845 1137 1898 dominum
1155 1855 1276 1898 nostrum
1286 1843 1416 1897 Sabaudie
1434 1855 1461 1896 et
1479 1843 1577 1896 dictam
1596 1861 1686 1898 comu-

522 1933 633 1986 nitatem
652 1932 757 2002 bugelle
774 1932 854 1985 etiam
873 1933 1074 2001 priuilegiorum
1098 1931 1185 1984 eidem
1213 1931 1370 1984 comunitati
1398 1947 1585 1984 concessorum
1604 1948 1685 2002 quant

523 2021 603 2073 etiam
621 2020 713 2088 vigore
730 2020 865 2089 antiquare
882 2019 1080 2072 consuetudinis
1099 2019 1126 2070 in
1145 2035 1197 2089 qua
1215 2017 1323 2072 luerunt
1335 2030 1362 2071 et
1379 2031 1441 2072 sunt
1459 2020 1592 2072 statuendi
1609 2020 1684 2073 ordi·

523 2107 604 2160 nandi
622 2119 649 2159 et
667 2105 826 2159 relomrandi
845 2107 969 2158 homines
996 2119 1023 2159 et
1049 2106 1199 2159 comanitas
1217 2107 1279 2159 dieti
1299 2106 1350 2159 loci
1371 2107 1404 2160 ad
1423 2122 1517 2159 eorum
1536 2105 1641 2160 libitum
1659 2119 1686 2160 et

525 2195 717 2263 beneplacitum
736 2194 827 2263 preuio
840 2193 976 2247 Conscilio
989 2194 1079 2264 prefati
1092 2194 1248 2262 Spectabilis
1263 2195 1368 2248 domini
1380 2195 1468 2247 iacobi
1483 2196 1517 2248 de
1528 2198 1628 2266 putheo
1642 2197 1686 2252 In-

524 2293 662 2351 sequentes
681 2280 794 2334 formam
812 2281 982 2350 antiquorum
1001 2293 1159 2334 statutorum
1172 2299 1249 2350 super
1261 2281 1314 2351 hijs
1326 2283 1528 2351 disponentium
1540 2295 1687 2338 statuerumt

525 2369 737 2422 relormauerunt
754 2379 780 2420 et
798 2369 989 2422 ordinauerunt
1007 2369 1080 2440 quod
1098 2369 1125 2420 in
1144 2369 1333 2438 Sacramentalj
1354 2369 1508 2438 Spectabilis
1520 2371 1623 2424 domini
1643 2387 1687 2440 po

525 2457 624 2510 testatis
642 2467 709 2508 terre
728 2455 837 2524 Bugelle
854 2469 881 2508 et
899 2455 1021 2509 locorum
1039 2457 1221 2510 mandamenti
1241 2467 1356 2526 ponatur
1373 2469 1400 2508 et
1417 2458 1600 2526 incorporetur
1611 2457 1688 2511 infra-

525 2545 651 2612 scriptum
668 2555 797 2596 statutum
814 2555 840 2596 et
858 2544 961 2596 addicio
979 2561 1026 2612 per
1043 2545 1121 2596 verba
1140 2543 1315 2613 infrascripta.
1333 2542 1417 2606 Quod
1434 2544 1542 2614 quidem
1560 2557 1688 2598 statutum

525 2645 552 2686 et
569 2631 736 2684 additionem
755 2629 854 2683 faciunt
871 2643 960 2683 creant
978 2633 1096 2684 condunt
1114 2644 1141 2684 et
1159 2631 1283 2684 ordinant
1301 2647 1332 2683 ac
1355 2643 1474 2684 statuunt
1492 2633 1688 2685 obseruandum

525 2731 552 2771 et
569 2719 701 2771 obseruari
720 2718 814 2771 debere
832 2720 977 2771 secundum
996 2720 1053 2771 eius
1070 2719 1262 2771 continentiam
1281 2735 1326 2788 per
1339 2719 1484 2787 predictam
1495 2719 1688 2772 comunitatem

526 2807 724 2858 uniuersitatem
743 2818 769 2858 et
786 2805 911 2859 homines
929 2806 1038 2875 Bugelle
1056 2823 1087 2858 ac
1105 2807 1259 2859 Clanarium
1280 2805 1412 2858 Comanis
1433 2805 1552 2859 eiusdem
1571 2805 1624 2859 loci
1643 2807 1688 2876 qni

526 2910 596 2946 nunc
615 2906 654 2946 est
672 2906 699 2946 et
717 2892 766 2947 erit
783 2895 812 2946 in
832 2893 950 2946 futurum
968 2911 997 2946 ac
1016 2894 1137 2947 similiter
1155 2912 1201 2963 per
1218 2906 1359 2962 potestates
1376 2893 1496 2947 eiusdem
1514 2893 1566 2946 loci
1586 2911 1688 2964 presen-

530 2980 630 3032 cialiter
648 2981 762 3033 electum
775 2993 800 3034 et
810 2994 910 3033 ceteros
928 2981 1065 3050 eligendos
1083 2999 1128 3050 per
1141 2983 1225 3050 ipsam
1239 2981 1440 3034 Comunitatem
1452 2982 1498 3051 qui
1511 2982 1612 3035 dictum
1630 2981 1687 3035 offi-

526 3067 597 3120 ciunt
617 3069 756 3136 potestarie
774 3069 826 3121 loci
845 3069 954 3138 bugelle
973 3081 999 3120 et
1028 3069 1209 3120 mandamenti
1228 3069 1314 3137 adepti
1343 3067 1448 3132 suerint,
1467 3068 1644 3138 Precipientes
1663 3081 1689 3122 et

526 3156 678 3208 ordinantes
700 3168 827 3208 statutum
846 3157 932 3225 ipsum
952 3159 1014 3225 poni
1035 3169 1062 3208 et
1079 3158 1237 3225 incorporari
1259 3157 1285 3209 in
1299 3156 1438 3209 uolumine
1457 3169 1615 3209 staturomm
1627 3157 1689 3210 dicti

527 3245 650 3296 comunis
668 3243 779 3313 Bugelte
803 3257 829 3297 et
854 3245 881 3297 in
908 3244 1097 3297 Sacrantentali
1125 3243 1279 3313 Spectabilis
1306 3245 1411 3297 domini
1429 3245 1564 3314 potestatis
1583 3261 1628 3314 per
1645 3261 1690 3296 me

528 3333 711 3400 subsignatum
731 3333 865 3385 notarium
884 3344 909 3385 et
927 3332 1039 3384 scribam
1058 3332 1139 3384 Curie
1157 3333 1328 3384 comunitatis
1353 3331 1470 3402 Bugelle
1489 3332 1564 3386 cuius
1581 3332 1690 3402 quidem

528 3421 617 3472 statuti
637 3431 663 3472 et
681 3420 826 3472 addicionis
844 3431 921 3471 tenor
939 3419 1056 3489 sequitur
1073 3430 1100 3472 et
1118 3430 1157 3471 est
1174 3419 1240 3471 talis.

565 3543 606 3594 81.
627 3541 767 3603 Quoniam
785 3543 840 3610 jam
859 3541 977 3610 pluribus
995 3539 1072 3592 annis
1090 3540 1183 3610 elapsis
1197 3541 1301 3593 domini
1314 3553 1454 3610 potestates
1466 3553 1535 3594 terre
1544 3541 1653 3613 Bugelle
1665 3553 1692 3595 et

528 3630 650 3682 locorum
669 3630 850 3682 mandamenti
870 3630 963 3698 adepta
982 3629 1148 3698 possessione
1166 3645 1260 3682 eorum
1278 3629 1358 3699 officij
1379 3629 1520 3699 potestarie
1537 3631 1607 3683 soliti
1628 3642 1690 3684 sunt

529 3730 555 3769 et
574 3718 659 3768 solent
677 3716 767 3768 locum
786 3717 933 3785 predictum
952 3715 1056 3785 bugelle
1074 3717 1209 3768 absentare
1228 3727 1253 3770 et
1272 3717 1300 3769 in
1319 3717 1413 3769 eodem
1431 3731 1487 3769 non
1507 3717 1634 3770 rescidere
1652 3735 1690 3771 re·

530 3803 592 3856 licto
611 3803 783 3856 solummodo
795 3820 848 3856 vno
861 3821 954 3856 eornm
967 3797 1158 3856 locumtenenti
1171 3805 1198 3856 in
1213 3804 1284 3857 dicto
1297 3803 1386 3856 officio
1398 3804 1435 3856 sic
1448 3805 1519 3874 quod
1532 3821 1579 3873 pro
1593 3805 1686 3876 maiorj

530 3905 601 3959 parte
619 3892 745 3959 temporis
763 3891 825 3944 dicti
844 3907 937 3944 eorum
956 3891 1035 3960 officii
1056 3903 1082 3943 et
1099 3892 1236 3962 regiminis
1255 3903 1324 3945 stant
1342 3893 1462 3945 absentes
1474 3892 1503 3944 in
1517 3892 1691 3961 preiudicium

529 3978 628 4046 jun'um
647 3978 780 4030 ducalium
799 3995 851 4048 que
870 3989 974 4048 propter
987 3978 1084 4030 dictam
1096 3980 1245 4032 absentiam
1258 3979 1372 4031 minime
1385 3979 1572 4048 perquiruntur
1586 3997 1635 4033 nec
1650 3979 1692 4034 de

530 4065 679 4132 linquentes
698 4067 844 4134 puniuntur
861 4079 951 4118 contra
970 4083 1022 4136 que
1041 4063 1155 4118 formam
1174 4079 1333 4118 statutorum
1351 4077 1378 4119 et
1396 4069 1527 4120 bonamm
1545 4081 1689 4122 consuetu-

532 4151 626 4202 dinum
645 4152 707 4203 aas
727 4151 778 4204 ner
797 4151 907 4221 augeae
925 4153 977 4206 hoc
989 4153 1051 4221 jaso
1064 4169 1111 4223 pro
1122 4153 1224 4205 nonore
1237 4165 1262 4205 et
1275 4153 1391 4206 comodo
1405 4153 1576 4206 nnsmmmr
1589 4137 1692 4208 uotum

531 4239 636 4290 domini
656 4239 739 4292 nostri
757 4239 887 4292 Sabaudie
905 4252 954 4292 etc.
972 4241 1046 4293 ducis
1064 4257 1094 4294 ac
1112 4240 1304 4309 indampnitate
1321 4259 1368 4312 rey
1379 4239 1483 4311 publice
1493 4241 1632 4310 prouidere
1649 4255 1694 4294 vo
