3926 5542
1397 516 1446 583 187

282 640 372 694 lecerit
389 639 477 712 aliqua
496 639 642 710 quantitate
660 640 787 711 peccunie
804 639 848 694 uel
866 639 918 694 alia
937 657 965 694 re
982 639 1125 694 excedente
1152 637 1327 710 quantitatem
1355 637 1447 692 decem

281 729 409 782 librarum
428 727 602 797 papiensium,
621 727 701 782 edarn
719 728 804 798 capite
831 729 962 798 puniatur.
982 727 1010 780 Si
1028 739 1119 780 autem
1145 727 1234 796 ipsum
1261 725 1374 779 reddimi
1392 740 1449 778 non

282 815 372 869 iecerit
390 831 439 868 nec
456 814 529 868 aliud
547 827 711 869 tormentum
724 817 812 870 eidem
824 815 951 880 intulerit,
963 814 1095 886 puniatur,
1107 815 1138 868 In
1151 814 1224 868 libris
1236 813 1449 884 vigintiquinque

283 904 457 974 papiensium.
476 904 510 956 Et
529 920 634 974 presens
652 915 779 958 statumm
798 919 853 957 non
882 903 1003 957 uendicet
1030 903 1079 956 sibi
1107 901 1197 957 locum
1224 901 1403 957 detinentibus
1421 901 1449 954 in

283 993 401 1062 captiuos
419 1004 538 1062 tempore
555 1008 649 1062 guerre
667 1003 694 1046 et
711 991 824 1046 reddimi
839 990 1002 1046 iacientibus

284 1153 338 1218 41·
362 1132 412 1199 De
435 1152 517 1220 pena
539 1130 694 1198 euelentis
716 1152 773 1198 seu
807 1132 987 1218 estirpantis
1011 1149 1064 1198 aut
1103 1128 1272 1218 plantantis
1295 1130 1451 1196 terminos

327 1237 516 1331 auctoritate
539 1237 667 1326 propria
689 1237 759 1303 sine
782 1257 943 1304 consensu
966 1237 1073 1303 vicini.

321 1343 388 1398 Item
407 1355 535 1396 statutum
553 1355 592 1396 est
610 1343 682 1414 quod
700 1343 722 1396 si
741 1359 793 1413 qua
811 1357 922 1412 persom
941 1341 1109 1412 extirpauerit
1127 1341 1171 1396 uel
1189 1341 1315 1396 euulserit
1331 1341 1449 1410 aliquem

285 1431 430 1484 tenninum
448 1431 506 1484 sine
518 1447 648 1486 consensu
668 1430 748 1484 vicini
761 1430 817 1484 siue
826 1430 956 1482 consortis
968 1429 1010 1482 uel
1020 1429 1174 1483 auctoritate
1193 1428 1317 1494 iudiciali,
1327 1429 1451 1498 puniatur

287 1535 334 1589 pro
353 1518 471 1589 quolibet
490 1520 606 1572 termino
626 1529 652 1572 et
664 1518 848 1589 qualibetuice
863 1517 893 1572 ln
906 1517 979 1570 libris
990 1517 1204 1589 vigintiquinque
1214 1518 1387 1587 papiensium,
1398 1515 1449 1568 Co

286 1607 363 1660 muni
381 1605 491 1676 Bugelle
509 1617 535 1660 et
554 1606 621 1660 ultra
639 1607 692 1660 hoc
710 1607 849 1660 reducatur
866 1605 996 1660 terminus
1008 1622 1053 1676 per
1070 1607 1158 1676 ipsum
1173 1605 1219 1676 qui
1229 1605 1316 1676 ipsum
1327 1603 1453 1658 euulserit

286 1705 332 1748 aut
350 1694 518 1764 extirpauerit
529 1707 575 1748 aut
587 1695 703 1748 mouerit
714 1694 742 1747 in
755 1693 897 1764 pristinum
915 1705 1021 1748 statum.
1040 1693 1068 1747 Si
1087 1709 1153 1748 uero
1164 1693 1321 1763 plantauerit
1336 1691 1453 1762 aliquem

286 1782 431 1836 terminum
450 1781 590 1852 ignorante
608 1793 730 1836 consorte
748 1797 794 1836 seu
812 1781 901 1834 vicino
921 1780 964 1834 uel
982 1781 1040 1834 sine
1057 1781 1212 1835 auctoritate
1239 1779 1365 1844 iudiciali,
1384 1795 1452 1832 con-

287 1871 445 1940 dempnetur
462 1885 510 1939 pro
528 1869 647 1941 quolibet
665 1869 780 1923 termino
799 1881 825 1923 et
842 1867 959 1942 qualibet
978 1869 1036 1922 uice
1048 1869 1076 1922 in
1090 1869 1162 1922 libris
1180 1869 1272 1922 decem
1286 1867 1452 1938 papiensium

287 1957 447 2027 applicandis
466 1969 495 2010 ut
513 1973 598 2026 supra.
617 1957 651 2010 Et
669 1956 736 2010 ultra
754 1956 806 2010 hoc
824 1967 944 2010 teneatur
962 1955 1078 2009 relaxare
1096 1956 1211 2009 consorti
1230 1973 1277 2010 seu
1290 1955 1380 2008 uicino
1398 1967 1454 2008 tan·

287 2057 345 2098 tum
363 2045 396 2098 de
414 2057 519 2099 terreno
537 2061 586 2098 suo
604 2057 733 2116 quantum
752 2057 868 2114 repertus
886 2055 953 2096 esset
971 2059 1111 2114 occupasse
1135 2044 1162 2096 in
1191 2043 1334 2112 plantando
1352 2043 1452 2096 dictum

286 2133 432 2186 terminum
450 2133 484 2184 de
502 2145 606 2186 terreno
625 2133 706 2186 uicini
725 2149 771 2186 seu
790 2133 927 2186 consortis.

287 2275 341 2341 42.
369 2255 420 2322 De
443 2277 526 2344 pena
547 2254 823 2324 trascendencium
846 2277 957 2324 muros
980 2253 1116 2343 bugelle.

321 2361 389 2414 Item
407 2373 535 2416 statutum
554 2373 594 2418 est
610 2363 682 2434 quod
701 2363 723 2416 si
741 2362 800 2433 quis
818 2373 938 2434 tempore
950 2363 1036 2416 noctis
1048 2361 1197 2416 transiuerit
1209 2377 1255 2416 seu
1271 2361 1398 2415 subluerit
1410 2359 1455 2414 uel

287 2451 476 2504 transcenderit
494 2467 601 2504 murum
620 2451 677 2504 siue
696 2451 881 2520 palancltatum
900 2463 945 2504 aut
973 2463 1060 2521 portas
1091 2461 1158 2504 terre
1176 2449 1294 2520 Bugelle,
1313 2449 1454 2504 Condam-

288 2550 383 2608 pnetur
400 2537 428 2590 in
448 2537 520 2591 libris
538 2537 655 2592 Centum
674 2537 848 2609 papiensium,
867 2537 1029 2608 applicandis
1047 2537 1167 2592 Comuni
1195 2537 1311 2608 Bugelle.
1340 2535 1415 2600 Quas
1433 2534 1455 2588 si

287 2625 391 2680 soluere
403 2641 458 2679 non
472 2625 567 2696 poterit
579 2623 646 2678 inira
658 2625 802 2680 terminum
821 2626 849 2680 in
862 2625 1104 2696 condampnatione
1116 2626 1294 2690 statuendum,
1304 2635 1456 2695 amputetur

288 2713 337 2767 sibi
357 2729 426 2766 unus
444 2729 498 2784 pes,
516 2714 556 2768 Ita
574 2725 600 2766 et
619 2713 704 2767 taliter
721 2714 793 2784 quod
812 2731 828 2767 a
846 2714 910 2768 tibia
928 2725 1068 2785 separetur.
1088 2713 1116 2768 Si
1135 2730 1200 2768 uero
1219 2715 1252 2768 de
1270 2713 1313 2768 die
1331 2712 1456 2766 condam·

289 2813 391 2872 pnetur,
411 2801 438 2854 in
458 2800 530 2854 libris
548 2801 748 2873 quinquaginta,
766 2801 941 2873 papiensium,
961 2801 1122 2872 applicandis
1136 2815 1165 2856 ut
1176 2819 1261 2872 supra
1272 2799 1348 2864 Quas
1366 2800 1387 2852 si
1407 2799 1457 2852 sol·

290 2907 352 2944 uere
373 2906 428 2943 non
447 2889 543 2960 poterit
560 2889 628 2943 infra
646 2890 791 2944 terminum
810 2903 934 2960 utsupra
952 2903 1066 2961 ponatur
1083 2891 1117 2944 ad
1136 2889 1266 2944 berlinam
1284 2889 1329 2944 ubi
1343 2899 1393 2942 stet
1411 2905 1457 2959 per

290 2989 374 3032 totam
393 2979 465 3032 diem
484 2989 510 3032 et
528 2989 618 3048 postea
636 2993 683 3048 per
700 2990 785 3032 totam
803 2990 899 3032 terram
918 2977 1028 3049 Bugelle
1046 2977 1193 3048 fustigetur.

291 3138 344 3206 43.
368 3119 417 3186 De
440 3140 522 3207 pena
544 3119 727 3207 accipientis
751 3119 919 3207 capucium
942 3119 1010 3186 siue
1033 3116 1190 3206 capellum
1213 3117 1315 3186 alicui.

326 3225 395 3280 ltem
411 3237 539 3280 statutum
558 3239 597 3280 est
615 3226 687 3298 quod
705 3225 727 3280 si
745 3227 805 3298 quis
831 3225 958 3296 acceperit
985 3225 1124 3296 capucium
1151 3241 1198 3278 seu
1225 3224 1356 3295 capellum
1374 3223 1456 3296 aliqui

292 3331 403 3384 persone
421 3315 454 3368 de
472 3315 556 3386 capite
574 3313 714 3368 iniuriosse
731 3330 764 3368 eo
783 3313 811 3368 in
824 3315 896 3368 uicto
909 3314 951 3384 (r)
964 3315 1175 3384 condampnetur
1192 3313 1222 3367 ln
1236 3313 1308 3368 libris
1320 3313 1402 3368 tribus
1415 3330 1458 3384 pa-

292 3401 424 3472 piensium
443 3419 491 3474 pro
508 3403 628 3474 quolibet
646 3413 673 3455 et
692 3401 808 3473 qualibet
827 3401 893 3466 uice,
912 3401 985 3456 Etsi
1005 3401 1120 3472 predicta
1139 3401 1241 3472 pigneti
1260 3401 1361 3456 dederit
1378 3399 1457 3454 alicui

292 3491 440 3544 tabernario
458 3491 501 3546 uel
520 3491 666 3545 tabemarie
685 3489 728 3544 uel
747 3489 825 3544 alicui
844 3489 937 3544 scienti
956 3490 1043 3561 ipsum
1063 3491 1202 3562 capucium
1215 3507 1271 3544 esse
1283 3489 1401 3544 ablatum
1413 3507 1459 3560 pu·

292 3579 380 3633 niatur
401 3579 563 3632 tabemarius
581 3579 624 3632 uel
643 3579 789 3632 tabemaria
808 3577 838 3632 ln
859 3579 951 3632 solidis
969 3595 1070 3633 nouem
1090 3577 1255 3650 papiensium
1273 3595 1321 3650 pro
1339 3578 1458 3649 quolibet

293 3679 319 3720 et
337 3666 453 3738 qualibet
471 3667 537 3721 uice.
556 3667 589 3720 Et
607 3665 696 3720 nullus
714 3667 747 3720 de
765 3665 887 3737 predictis
906 3668 987 3736 possit
1004 3683 1126 3720 accusare
1143 3666 1193 3720 nisi
1212 3665 1257 3720 ille
1275 3683 1291 3719 a
1309 3683 1363 3736 quo
1382 3665 1458 3718 luerit

293 3754 395 3809 dictum
413 3755 551 3826 capucium
570 3771 616 3808 seu
635 3753 765 3826 capellum
785 3765 930 3824 acceptum.
950 3755 982 3808 Et
1000 3755 1162 3808 tabernarius
1180 3771 1226 3808 seu
1251 3753 1396 3808 tabernaria
1415 3765 1457 3806 te·

294 3855 387 3896 nentur
405 3843 540 3902 restituere
558 3843 697 3913 capucium
715 3859 762 3896 seu
771 3841 903 3913 capellum
921 3843 978 3896 sine
996 3843 1084 3915 aliqua
1106 3842 1280 3896 restitutione.

293 4006 348 4070 44.
371 3984 421 4053 Dc
444 4005 526 4073 pena
548 3982 714 4051 alienantis
737 4003 806 4048 rem
829 3981 951 4050 duabus
975 3983 1131 4071 personis.

330 4091 397 4144 ltem
415 4101 543 4145 statutum
561 4091 690 4161 estquod
709 4090 731 4142 si
749 4104 801 4160 qua
819 4105 930 4160 persona
948 4089 1068 4142 uenderit
1086 4089 1202 4160 aliquam
1221 4105 1278 4142 reru
1291 4089 1459 4144 immobilem

296 4179 396 4233 duabus
414 4178 532 4249 personis
550 4179 761 4249 condempnetur
783 4177 902 4232 uendens
919 4176 941 4230 si
969 4193 1009 4232 res
1034 4175 1141 4232 uendita
1168 4177 1217 4230 erit
1235 4177 1415 4232 animationis
1433 4191 1459 4233 et

324 4353 352 4408 lt)
367 4352 391 4395 ln
404 4353 446 4394 alio
460 4351 567 4408 exemplo:
582 4351 648 4393 hita.
