3926 5542
497 393 549 450 216

493 511 547 570 late
564 531 650 585 sopra,
668 514 713 568 alli
731 515 817 569 molto
836 514 971 586 magnifici
989 515 1056 586 sigo*
1085 533 1147 587 mey
1165 515 1391 570 honorandissimi
1403 515 1423 570 li
1435 515 1504 588 sigsi
1521 515 1623 570 consoli
1636 527 1663 570 et

493 603 607 674 collegio
625 605 659 657 de
677 604 769 657 nodari
779 605 806 657 di
819 604 909 668 Biella,
922 604 982 674 qual
993 617 1081 674 aperta
1091 617 1117 657 et
1128 603 1191 658 letto
1200 604 1222 658 si
1232 607 1247 658 ὲ
1258 617 1360 659 trouata
1369 605 1412 658 del
1424 617 1517 660 tenore
1527 617 1663 677 sequente.

493 692 579 746 Molto
597 691 732 762 magnifici
751 691 818 762 sig.ri
838 693 892 745 mei
911 693 1145 745 honorandissimi.
1164 691 1293 762 Puoijchc
1312 693 1337 746 la
1352 693 1541 748 nominatione
1552 691 1664 764 lnquale

492 781 525 833 ad
543 781 621 833 aitrui
639 781 760 834 richicm
778 780 806 834 io
825 779 880 833 sece
898 780 926 832 in
945 797 1044 833 messer
1061 780 1190 834 Durando
1208 797 1255 851 per
1271 797 1482 834 csserammocso
1492 781 1535 834 nel
1548 780 1664 850 collegio

492 885 548 920 non
567 868 601 920 ha
620 869 721 937 poduto
740 868 823 921 bauer
840 867 931 920 effecto
949 883 995 937 per
1013 868 1038 920 le
1057 867 1230 937 mgiooeuole
1248 885 1326 922 cause
1343 869 1393 922 che
1424 869 1449 922 le
1478 869 1524 921 SS.
1552 867 1611 920 W.
1641 868 1662 920 si

492 957 676 1009 contentarino
695 955 722 1008 di
740 955 864 1024 scriucrnj
885 955 922 1008 ho
941 967 1051 1026 pensato
1069 957 1096 1008 di
1116 955 1241 1008 nominat
1258 973 1313 1009 vno
1331 972 1382 1010 con
1398 969 1488 1026 questa
1499 955 1554 1008 mia
1566 972 1664 1008 misser

493 1045 554 1098 Gio.
574 1045 681 1097 Battista
700 1043 840 1112 Molpenga
859 1043 981 1096 Giovane
1000 1044 1033 1096 da
1052 1043 1132 1107 Bene,
1151 1044 1270 1097 virtuoso
1290 1055 1317 1097 et
1336 1045 1362 1098 di
1374 1046 1444 1097 bona
1453 1044 1627 1114 aspi-natione
1638 1054 1665 1095 ct

492 1133 529 1186 dil
548 1133 635 1196 iunco,
654 1132 725 1184 neila
743 1132 785 1183 cui
805 1148 916 1199 persona
935 1148 991 1183 non
1010 1131 1158 1184 solamente
1176 1147 1232 1184 non
1251 1131 1331 1184 credo
1353 1131 1404 1184 che
1431 1131 1457 1184 vi
1485 1132 1524 1184 sia
1542 1147 1619 1184 musa
1637 1131 1664 1184 di

493 1221 656 1273 recusatione
674 1218 826 1272 ch’aimeno
844 1235 859 1271 a
879 1235 923 1270 me
941 1219 979 1270 sia
997 1231 1069 1282 nota,
1089 1235 1132 1271 ma
1145 1219 1183 1270 mi
1203 1220 1286 1272 tendo
1305 1219 1452 1272 certissimo
1471 1219 1530 1272 chel
1549 1217 1664 1289 collegio

493 1321 570 1370 tutto,
589 1319 615 1360 et
633 1306 723 1360 ancho
742 1321 854 1375 ognuno
872 1305 901 1358 in
920 1305 1073 1375 particulare
1092 1307 1120 1358 ni
1139 1310 1213 1375 potri
1232 1306 1318 1360 isuoi
1331 1307 1414 1376 tempi
1427 1307 1542 1359 riceuere
1554 1306 1663 1360 seruitio

493 1413 561 1448 anco
580 1396 629 1448 che
648 1411 703 1447 non
723 1394 744 1446 si
763 1411 840 1446 come
858 1393 884 1446 le
902 1393 948 1446 SS.
969 1393 1027 1446 VV.
1047 1394 1148 1463 meglio
1168 1395 1195 1446 di
1214 1410 1258 1447 me
1277 1393 1304 1448 lo
1335 1407 1448 1464 potiano
1475 1409 1611 1458 conoscre,
1640 1394 1666 1446 le

493 1500 574 1553 prego
593 1483 700 1551 donque
718 1484 733 1532 i
752 1479 865 1532 fauorire
878 1493 904 1532 et
923 1480 960 1532 lui
979 1493 1005 1532 et
1023 1497 1076 1544 me,
1096 1479 1165 1533 nella
1184 1482 1359 1534 accettationc
1377 1493 1404 1534 et
1427 1481 1589 1535 admissione
1616 1481 1666 1534 che

493 1587 624 1624 concorro
643 1586 746 1638 sempre
765 1569 854 1630 secho,
873 1568 942 1620 nella
962 1568 1044 1620 molta
1064 1568 1229 1639 obligatione
1247 1570 1389 1622 ch’hauem
1408 1569 1460 1622 alle
1477 1569 1524 1623 SS.
1551 1569 1609 1622 VV.
1640 1569 1666 1622 le

493 1658 564 1729 quaii
581 1673 675 1710 serano
688 1669 812 1709 contente
830 1655 856 1708 di
871 1655 1053 1709 comandarmi
1072 1656 1100 1709 in
1119 1669 1186 1710 tutte
1204 1657 1295 1728 quelle
1314 1657 1456 1711 occasione
1468 1656 1567 1712 chemi
1581 1657 1666 1726 giudi-

492 1762 588 1800 carano
607 1757 662 1798 atto
680 1761 695 1797 a
713 1743 770 1797 sarii
788 1743 897 1797 seruitio
916 1743 966 1796 che
984 1760 1028 1796 me
1047 1755 1188 1799 trouerano
1207 1761 1311 1815 sempre
1327 1746 1372 1816 pio
1386 1757 1483 1816 promo
1495 1745 1540 1798 nei
1549 1744 1606 1798 fatti
1616 1744 1666 1798 che

493 1835 563 1888 nelle
581 1833 678 1904 parole,
696 1845 723 1885 ct
741 1831 786 1904 qui
806 1830 917 1885 iacendo
936 1830 989 1884 fine
1009 1831 1034 1884 le
1053 1831 1144 1886 Bossio
1160 1833 1185 1886 le
1203 1834 1277 1886 mani
1289 1845 1316 1887 et
1332 1833 1493 1886 mcomcndo
1505 1832 1666 1903 pregnndole

493 1924 525 1975 da
545 1933 636 1974 nostro
655 1919 711 1990 Sig.
730 1919 785 1972 Dio
803 1919 869 1989 ogni
881 1918 977 1972 fcliciti
989 1931 1016 1972 et
1034 1932 1169 1973 contento.
1183 1921 1225 1973 Da
1235 1920 1340 1973 Turino
1355 1921 1373 1974 li
1386 1921 1538 1992 quatordeci
1548 1917 1667 1991 d'Aprile

497 2026 571 2079 1575,
590 2010 623 2062 D.
642 2008 675 2061 V.
694 2007 721 2061 S.
740 2006 828 2060 Affs¹¹⁰
848 2023 893 2075 per
910 2007 1019 2060 seruirle
1038 2006 1186 2061 Gullielmo
1206 2025 1314 2077 gromo,
1334 2009 1406 2072 Qua]
1434 2007 1525 2061 lettera
1557 2007 1619 2060 letti
1647 2007 1666 2060 li

492 2115 569 2168 sopra
587 2095 727 2150 conuocati
744 2094 817 2147 hano
835 2096 957 2148 admesso
976 2096 1008 2148 ed
1027 2097 1182 2149 admettono
1201 2097 1219 2148 il
1239 2097 1344 2149 sodetto
1364 2113 1464 2149 messer
1483 2095 1545 2150 Gio.
1557 2096 1665 2149 Battista

494 2187 634 2255 malpenga
652 2185 680 2236 in
700 2199 757 2236 essa
775 2182 915 2234 nominato
933 2183 977 2235 nel
997 2183 1113 2251 collegio
1135 2183 1196 2236 delli
1217 2185 1310 2237 nodari
1329 2186 1372 2253 (1)
1391 2200 1441 2236 con
1461 2184 1504 2236 cio
1523 2183 1666 2253 chcpn'ma

493 2275 531 2326 sia
550 2285 642 2326 tenuto
661 2272 689 2323 di
707 2269 760 2322 fare
779 2269 797 2321 il
816 2270 906 2322 debito
924 2270 1097 2339 giummcnto
1115 2272 1262 2324 d’osseruar
1281 2272 1300 2324 li
1319 2272 1408 2325 statuti
1429 2272 1471 2324 del
1483 2271 1606 2341 collegio,
1615 2283 1667 2324 sot·

493 2377 610 2415 tomesso
628 2361 651 2413 ai
665 2375 766 2411 &same
784 2369 810 2409 et
828 2375 908 2426 pigot
927 2358 951 2410 ii
969 2358 1021 2410 cim
1040 2359 1058 2410 il
1078 2359 1209 2412 cammale
1227 2371 1253 2412 ct
1272 2360 1337 2413 altre
1356 2359 1455 2429 regalie
1473 2359 1612 2412 conforme
1631 2358 1666 2412 ali

493 2450 582 2503 statuti
601 2449 643 2500 del
662 2448 736 2500 detto
754 2444 868 2513 collegio
887 2445 977 2498 vecchi
996 2447 1097 2498 etnoui
1108 2446 1257 2500 chiedendo
1267 2447 1442 2501 testimoniali
1456 2464 1555 2517 perine
1564 2445 1666 2500 nodato

494 2537 654 2592 sottoscritto
672 2535 698 2587 le
716 2532 787 2603 quali
806 2531 844 2584 ho
862 2549 988 2586 concesso
1006 2547 1032 2586 et
1050 2536 1170 2587 concedo
1188 2535 1262 2588 datto
1281 2553 1358 2588 come
1376 2551 1462 2605 sopra.

1375 2625 1418 2676 De
1439 2623 1594 2676 Livczmo.

527 4239 555 4290 (ι)
570 4235 633 4284 Quod
648 4234 739 4288 sequitur
752 4245 813 4286 super
827 4231 879 4271 solio
893 4230 999 4270 chartaceo
1014 4229 1090 4270 codicis
1105 4235 1209 4282 postremo
1224 4227 1320 4277 scriptum
1335 4234 1373 4263 est.
