3918 5554
515 533 568 586 270

548 641 574 693 8.
592 640 660 694 Item
678 641 750 711 quod
768 639 813 694 ille
831 639 877 714 qui
895 652 995 694 emeret
1013 656 1104 694 carnes
1122 653 1240 695 mortuas
1259 653 1445 712 recentesque
1468 641 1590 695 venirent
1607 651 1678 696 extra

514 729 659 782 beccariasn
677 729 728 783 nisi
747 728 828 782 uellet
846 745 889 784 eas
907 729 956 782 sibi
976 729 1116 783 comedere
1145 729 1180 783 sit
1208 727 1237 782 in
1266 729 1355 783 banuo
1372 727 1520 784 solidorum
1538 729 1571 784 ln
1591 743 1617 784 et
1635 745 1679 784 ms

514 833 570 871 non
588 817 687 872 uendnt
704 817 732 871 in
751 817 876 872 beecann

550 995 574 1050 9.
594 978 661 1032 Item
678 978 751 1048 quod
770 977 878 1047 beeearij
899 977 945 1048 qui
963 988 1050 1031 essent
1068 989 1140 1030 extra
1158 987 1255 1031 terram
1279 977 1392 1032 debeant
1422 976 1506 1032 lacere
1524 977 1678 1034 societatem

513 1067 581 1120 sicut
594 1067 680 1120 maior
697 1081 755 1138 pars
773 1065 889 1120 uoluerit
906 1077 933 1120 et
950 1065 1003 1120 hoc
1021 1081 1082 1119 cum
1101 1064 1214 1120 consilio
1233 1064 1383 1119 Consulum
1410 1066 1527 1120 becario
1544 1067 1567 1120 si
1584 1066 1680 1138 aliquis

514 1172 608 1209 eorum
626 1165 693 1210 esset
710 1155 756 1220 ibi,
774 1154 807 1208 Et
825 1154 881 1225 ipse
898 1154 944 1224 qui
963 1151 1047 1207 nollet
1064 1152 1148 1207 facere
1166 1153 1200 1206 sit
1217 1153 1245 1208 in
1258 1154 1346 1208 banno
1364 1152 1512 1208 solidomm
1532 1153 1681 1227 lJ,papien·

514 1243 584 1298 sium
603 1255 630 1298 et
647 1243 692 1297 det
709 1254 810 1313 partem
829 1253 976 1296 mercature
993 1241 1059 1312 alijs

553 1399 593 1438 ιο.
613 1384 680 1438 Item
698 1395 826 1437 statutum
845 1395 884 1437 est
901 1383 973 1453 quod
991 1381 1033 1436 llli
1046 1383 1091 1453 qui
1101 1381 1199 1436 fuerint
1210 1383 1243 1436 ad
1256 1382 1406 1437 laciendum
1418 1383 1549 1437 rationem
1562 1383 1677 1438 beccam

514 1471 556 1526 vel
574 1473 607 1526 ad
626 1471 797 1525 iudicandum
816 1487 910 1525 eorum
928 1471 1015 1524 banna
1033 1471 1147 1524 habeant
1165 1486 1213 1540 pro
1231 1471 1349 1542 quolibet
1380 1471 1498 1542 ipsorum
1532 1470 1681 1543 imperiales

517 1560 603 1630 XlllJ.
622 1571 649 1612 et
666 1575 714 1630 pro
733 1557 849 1630 qualibet
872 1559 939 1613 uice
1597 1571 1600 1578 ’

553 1718 593 1756 11.
612 1702 679 1756 Item
698 1713 825 1756 statutum
844 1703 972 1772 estquod
1003 1701 1090 1756 banna
1120 1701 1235 1772 judicata
1264 1719 1310 1773 per
1340 1701 1477 1773 Sapientes
1501 1704 1617 1758 beoearie
1635 1705 1678 1760 uel

515 1807 561 1861 per
578 1801 674 1844 statuta
691 1801 718 1842 et
735 1801 876 1860 postquam
893 1789 1054 1859 peruiden'nt
1072 1790 1202 1843 mbanna
1229 1801 1256 1842 et
1286 1790 1480 1860 condempnata
1508 1808 1564 1845 non
1596 1805 1682 1862 posset

516 1877 572 1931 fieri
590 1877 677 1948 aliqua
695 1877 778 1948 gratia
795 1877 829 1931 Et
847 1877 892 1948 qui
923 1888 1022 1948 peteret
1051 1877 1163 1948 gratiam
1181 1877 1225 1931 uel
1238 1925 1240 1932 ,
1253 1889 1362 1949 poneret
1389 1878 1417 1932 in
1436 1877 1569 1949 Collegio,
1588 1879 1682 1934 Soluat

518 1967 636 2020 bannum
654 1965 801 2020 solidorum
820 1966 852 2019 V.

550 2121 589 2160 12.
608 2107 676 2160 ltem
693 2107 715 2160 si
734 2106 829 2178 aliquis
860 2119 927 2162 esset
953 2109 987 2162 ad
1014 2108 1159 2162 emendum
1188 2107 1309 2171 vacham,
1328 2107 1427 2162 bouem
1446 2107 1489 2160 nel
1508 2108 1637 2179 porclrnm
1656 2121 1683 2162 et

516 2194 583 2248 nlius
602 2196 704 2248 ueniret
722 2207 864 2266 antequam
883 2197 1049 2250 merchatum
1067 2209 1134 2250 esset
1150 2196 1314 2266 completum
1327 2195 1422 2250 habmt
1435 2197 1605 2250 medietatem
1617 2214 1683 2252 mer·

516 2283 586 2337 chati
605 2284 647 2336 De
664 2283 723 2355 alijs
742 2285 831 2354 bestiis
849 2286 1028 2356 unusquisque
1046 2285 1091 2355 qui
1110 2285 1147 2338 ibi
1166 2285 1269 2338 ueniret
1287 2285 1474 2338 habestvnam
1491 2297 1518 2339 et
1530 2285 1564 2338 de
1576 2287 1681 2341 residuo

515 2388 592 2424 suam
610 2383 719 2442 partem.
738 2371 771 2426 Et
789 2372 822 2425 de
837 2373 963 2426 omnibns
981 2371 1040 2442 aliis
1058 2372 1148 2441 bestiis
1166 2372 1284 2426 minutis
1307 2372 1349 2424 De
1367 2389 1420 2426 vna
1437 2371 1494 2426 sola
1512 2388 1568 2427 non
1587 2373 1682 2428 habent

517 2471 626 2529 partem,
645 2459 678 2512 Et
695 2459 728 2512 ab
747 2475 800 2512 una
818 2459 936 2530 superius
955 2459 1049 2513 habmt
1067 2460 1134 2514 sicut
1152 2477 1229 2530 supra
1250 2459 1353 2514 dictum
1365 2472 1405 2513 est
1423 2476 1499 2514 snam
1518 2471 1627 2532 partem

557 2633 597 2688 13.
616 2618 684 2672 Item
703 2619 774 2689 quod
794 2618 890 2688 aliquis
908 2618 1041 2672 beccaritn
1058 2635 1115 2672 non
1133 2620 1227 2673 debeat
1245 2618 1374 2673 blasmare
1401 2631 1552 2674 nummatas
1578 2620 1684 2674 alterius

519 2706 678 2776 pertinentes
696 2705 786 2759 officio
805 2705 929 2759 beccarie.
948 2706 982 2760 Et
1000 2707 1045 2776 qui
1064 2706 1246 2760 contrafecerit
1263 2705 1350 2761 soluat
1367 2723 1415 2778 pro
1434 2708 1524 2762 banno
1545 2724 1594 2778 pro
1612 2724 1682 2778 quo-

519 2794 583 2847 libet
599 2806 626 2846 et
644 2792 761 2864 qualibet
778 2793 837 2846 uice
854 2793 953 2847 solidos
972 2794 1004 2847 X.
1032 2795 1206 2865 papiensium.
1234 2795 1266 2848 Et
1294 2794 1425 2849 Consules
1450 2806 1590 2849 tenuantur
1607 2813 1684 2866 super

520 2882 571 2936 hoc
581 2881 713 2951 inquirere
724 2897 769 2951 per
781 2897 874 2933 eorum
889 2882 1114 2935 sacramentunrsi
1128 2882 1190 2934 inde
1201 2881 1278 2934 fuerit
1289 2893 1437 2935 accussatus
1450 2882 1493 2935 uel
1503 2883 1685 2937 denunciatus.

558 3057 597 3107 14·
616 3041 683 3094 Item
702 3041 774 3111 quod
792 3041 814 3094 si
832 3040 926 3111 aliquis
944 3041 1061 3094 crederet
1078 3039 1177 3110 aliquid
1206 3041 1324 3095 becmrio
1351 3052 1378 3094 et
1404 3041 1460 3112 ipse
1478 3041 1610 3096 beccerim
1628 3058 1684 3096 non

519 3129 633 3182 solueret
651 3141 677 3183 et
695 3129 808 3182 creditor
838 3128 932 3181 laceret
961 3129 1157 3199 querimoniam
1188 3128 1350 3182 Consulibus
1380 3129 1496 3182 bercarie
1520 3142 1546 3183 et
1564 3129 1620 3200 ipse
1638 3130 1683 3200 qui

519 3218 625 3270 deberet
642 3217 704 3270 dare
722 3217 841 3270 debitum
859 3233 915 3269 non
933 3217 1034 3268 veniret
1052 3217 1084 3270 ad
1104 3217 1266 3286 presenciam
1285 3217 1435 3271 Consulum
1453 3218 1561 3288 quando
1579 3217 1603 3271 ei
1622 3218 1682 3271 mit·

519 3317 605 3359 terent
623 3305 752 3357 nuncium
771 3319 818 3374 pro
837 3303 956 3374 quolibet
974 3305 1073 3358 nuncio
1092 3305 1164 3372 quod
1182 3304 1290 3358 distaret
1307 3305 1397 3359 venire
1415 3305 1449 3359 sit
1467 3305 1495 3358 in
1509 3291 1685 3359 bannodenal

521 3395 621 3447 riorum
639 3392 697 3463 XlJ.
724 3393 757 3444 Et
786 3392 809 3445 si
839 3408 894 3444 non
922 3392 1036 3444 solueret
1058 3393 1177 3446 debitum
1195 3393 1228 3446 ad
1247 3393 1392 3447 terminum
1410 3411 1491 3464 quem
1511 3393 1641 3447 Consules
1659 3393 1684 3447 ei

520 3483 612 3534 darent
630 3497 678 3550 pro
696 3479 815 3551 quolibet
833 3479 948 3532 termino
966 3481 999 3532 sit
1017 3479 1045 3533 in
1065 3481 1154 3533 banno
1172 3481 1341 3534 denariorum
1360 3481 1418 3552 XlJ.
1439 3482 1612 3552 papiensium.
1641 3481 1682 3535 De

521 3569 646 3624 omnibus
663 3569 722 3639 alijs
740 3569 817 3620 rebus
835 3579 861 3620 et
879 3567 1054 3622 conuentibus
1084 3569 1135 3622 nisi
1167 3570 1200 3622 de
1230 3569 1371 3640 exceptans
1389 3570 1535 3641 dequibus
1553 3569 1684 3624 Consules
1765 3585 1771 3594 ·

521 3657 643 3712 uenirent
661 3657 688 3710 in
707 3657 849 3710 coneordia
868 3671 929 3710 cum
951 3657 1063 3710 consilio
1082 3655 1282 3711 macellatorum
1311 3659 1344 3711 de
1364 3659 1437 3712 bono
1455 3670 1482 3712 et
1499 3657 1611 3712 utilitate
1629 3657 1685 3711 bec-

520 3746 598 3810 carie,
616 3745 649 3798 Et
666 3743 712 3797 ille
730 3745 775 3815 qui
793 3760 848 3798 non
868 3745 1012 3797 attenderet
1025 3758 1176 3814 preceptum
1189 3744 1338 3800 Consulum
1351 3745 1385 3799 sit
1397 3745 1425 3799 in
1439 3746 1527 3799 banno
1537 3745 1684 3799 solidorum

520 3835 553 3887 V.
572 3833 737 3905 papiensium
756 3849 803 3902 pro
821 3831 938 3903 qualibet
956 3833 1014 3888 uice
1025 3834 1091 3887 dum
1106 3845 1196 3887 tamen
1210 3847 1360 3905 preceptum
1374 3851 1429 3888 noa
1443 3835 1477 3888 sit
1489 3847 1580 3890 contra
1589 3846 1685 3888 statuta

521 3921 643 3977 comunis
662 3921 785 3975 beccatie.

560 4097 600 4149 ις.
619 4081 686 4134 Item
705 4082 776 4151 quod
795 4081 840 4134 ille
858 4083 904 4152 qui
922 4081 1061 4136 interficiet
1079 4081 1190 4134 bestiam
1208 4081 1275 4136 ultra
1294 4093 1446 4152 preceptum
1465 4081 1616 4136 Consulum
1629 4083 1685 4136 bec·

524 4169 593 4222 carie
611 4167 645 4221 sit
663 4169 690 4220 in
710 4169 800 4221 banno
818 4169 860 4238 (1)
863 4208 913 4222 ......
932 4169 993 4239 XlJ.
1013 4169 1179 4239 papiensium
1197 4182 1224 4222 et
1241 4185 1296 4222 non
1316 4169 1414 4222 uendat
1423 4186 1513 4223 carnes
1522 4169 1550 4222 in
1563 4170 1688 4235 beccaiim

602 4341 815 4396 ult-omnem.
