3958 5540
508 523 541 592 76

507 645 567 715 (19)
585 645 695 698 XVIIII.
714 645 859 698 Armorum
878 643 1014 714 inquisitio
1033 655 1060 696 et
1077 660 1145 714 pena
1162 659 1218 696 non
1245 641 1404 697 habentibus
1431 642 1559 698 ordinata
1583 641 1610 695 V.
1633 640 1674 696 46.

648 747 691 798 41·
710 747 770 798 241·
792 731 849 801 346·
870 748 929 801 334·
951 747 1008 801 372·

507 820 567 890 (30)
586 821 644 873 XX.
663 820 714 872 Per
732 837 812 890 quem
831 832 857 872 et
875 820 942 872 inira
960 820 1032 890 quod
1051 831 1156 890 ternpus
1174 829 1270 872 statuta
1288 835 1360 872 noua
1379 817 1443 888 poni
1456 818 1569 872 debeant
1587 816 1614 871 in
1629 835 1674 872 uo·

652 908 754 960 lumine
772 919 938 961 statutorum.
963 907 989 960 V.
1009 908 1033 959 8.

507 998 568 1066 (21)
587 997 657 1050 XXI.
677 995 814 1058 Quociens
833 996 944 1066 qualiter
962 995 1074 1048 0410130
1093 995 1165 1066 quod
1184 1007 1288 1065 tempus
1318 995 1406 1048 banna
1425 993 1672 1048 (131400041υά10031.

653 1083 680 1136 V.
700 1099 724 1136 a.

507 1172 536 1242 (2
538 1173 669 1240 2)XXII.
688 1173 784 1225 Forma
803 1171 920 1242 ponendi
938 1171 1060 1224 custodes
1078 1171 1202 1241 priuatos.
1222 1171 1254 1222 V.
1277 1185 1335 1240 474.
1356 1186 1416 1240 330.
1438 1171 1496 1242 338.

507 1261 551 1330 (33
585 1259 680 1313 XXIII.
700 1260 827 1323 Qualiter
843 1273 915 1313 coste
933 1259 1009 1330 placij
1029 1259 1082 1311 sint
1100 1258 1210 1312 solande
1228 1271 1254 1311 et
1272 1277 1339 1328 pena
1371 1247 1524 1312 consulibus
1549 1257 1675 1316 connisa

649 1348 775 1400 tientibus
801 1349 930 1400 ordinata
954 1348 981 1401 V.
1004 1361 1043 1412 44.
1065 1362 1123 1400 343.
1143 1361 1202 1416 374.
1223 1362 1281 1416 373.
1303 1361 1362 1416 334.
1382 1362 1442 1416 373.
1463 1346 1522 1416 376.
1533 1361 1593 1418 279.
1613 1347 1673 1400 282.

509 1436 568 1505 (24)
587 1435 695 1489 XXIIII.
715 1436 751 1488 Vt
769 1436 938 1504 prohibentes
956 1435 1038 1506 accipi
1065 1435 1176 1505 pignora
1204 1436 1353 1505 puniantur.
1389 1435 1416 1488 V.
1448 1435 1532 1515 ³·.²⁸·
1551 1434 1594 1488 60.
1614 1449 1674 1504 349.

652 1539 709 1592 344·
732 1523 788 1592 346Ι

508 1611 569 1678 (33)
587 1611 670 1664 XXV.
691 1611 813 1673 Qualiter
831 1611 924 1664 citatus
943 1628 998 1664 non
1017 1612 1143 1664 obediens
1162 1621 1294 1680 puniatur.
1318 1611 1345 1662 V.
1368 1625 1407 1678 32.

509 1698 569 1767 (26)
588 1699 684 1752 XXVI.
704 1699 814 1762 Quanto
833 1710 952 1768 tempore
969 1700 1003 1752 sit
1021 1700 1148 1752 accusatis
1166 1698 1294 1751 deffensio
1313 1699 1489 1751 concedenda.
1514 1697 1541 1750 V.
1560 1697 1585 1750 6.

509 1785 570 1855 (27)
588 1785 697 1839 XXVII.
716 1787 779 1849 Que
797 1785 925 1840 deffensio
944 1787 1030 1840 danda
1048 1788 1082 1840 sit
1100 1786 1233 1839 accusatis
1257 1786 1284 1839 V.
1304 1784 1329 1839 6.

509 1874 569 1942 (28)
587 1875 708 1927 XXVIII.
728 1875 846 1937 Quando
863 1876 1050 1944 condempnati
1070 1876 1183 1927 debeant
1200 1891 1293 1927 eorum
1307 1875 1419 1944 pignora
1432 1873 1581 1926 redemisse.
1596 1873 1622 1924 V.
1633 1887 1676 1938 34.

510 1963 570 2032 (39)
588 1963 722 2016 XXVIIII.
740 1963 897 2032 Preceptum
916 1963 995 2015 unius
1013 1963 1131 2015 consulis
1150 1979 1249 2015 cassare
1267 1962 1335 2014 alius
1353 1978 1408 2014 000
1427 1973 1568 2032 presumat.
1592 1961 1619 2012 V.
1642 1977 1663 2029 3.

509 2051 671 2119 (30))11111.
691 2053 762 2104 Ante
779 2052 977 2104 satisdationem
996 2049 1069 2102 nulla
1088 2050 1207 2102 defensio
1226 2050 1309 2102 detur.
1339 2049 1365 2102 11.
1385 2049 1410 2102 6.

511 2139 555 2206 (34
559 2138 572 2206 )
545 2138 700 2204 4934440410
717 2145 739 2190 ei
757 2138 877 2208 quomodo
895 2145 987 2190 31014410
1006 2141 1056 2190 sini
1075 2138 1237 2190 melioranda.
1262 2137 1288 2190 V.
1308 2137 1332 2190 8.

510 2226 556 2293 (33
541 2225 684 2294 31111111.)
703 2226 775 2278 Pena
793 2242 849 2278 000
867 2225 954 2278 300413
981 2225 1013 2278 ad
1041 2226 1183 2278 consilium
1202 2237 1228 2278 et
1246 2242 1301 2278 non
1329 2224 1443 2295 parentis
1462 2225 1588 2294 preceptis
1607 2239 1674 2275 con-

651 2314 739 2367 sulum
758 2315 902 2367 ordinatur.
926 2314 953 2365 V.
975 2329 996 2381 3.
1018 2327 1059 2382 33.
1078 2328 1120 2381 43.
1140 2313 1182 2379 46.
1202 2328 1245 2381 47.
1267 2329 1307 2382 37.

546 2403 572 2470 3)
591 2401 699 2455 XXXII.
719 2401 840 2463 Qualiter
858 2403 911 2454 sint
930 2403 1016 2454 banna
1035 2401 1067 2453 de
1086 2400 1149 2452 foris
1167 2401 1304 2470 exigenda.
1329 2400 1355 2453 V.
1375 2417 1400 2470 9.

541 2491 570 2557 4)
590 2490 711 2543 XXXIII.
730 2490 850 2542 Dicentis
868 2505 956 2542 coram
972 2488 1124 2541 consulibus
1137 2489 1216 2541 uerba
1232 2489 1358 2540 iniuriosa
1371 2504 1417 2540 seu
1430 2487 1599 2557 percutientis
1609 2504 1676 2557 pena

652 2591 755 2631 statuta.
779 2578 806 2630 V.
826 2592 867 2646 94.
886 2577 919 2628 ud
939 2592 995 2645 ¹03·

528 2667 571 2735 33)
590 2667 722 2720 XXXllll.
743 2665 827 2718 Omni
846 2665 889 2717 die
908 2665 1016 2717 iuridica
1036 2664 1164 2717 clauaaius
1191 2665 1281 2717 sedere
1308 2666 1386 2717 debet
1404 2681 1452 2734 pro
1481 2662 1606 2716 tribunali
1625 2663 1678 2715 nisi

652 2755 773 2806 comittat
791 2772 823 2806 044
842 2754 908 2805 10340
927 2765 1012 2805 causa.
1037 2753 1063 2804 V.
1084 2767 1107 2804 2.

528 2843 571 2914 36)
590 2842 699 2896 XXXV.
719 2843 791 2904 Quid
811 2842 905 2894 habeat
924 2841 1052 2893 clautrius
1071 2858 1118 2910 pro
1137 2859 1169 2893 30
1199 2842 1271 2911 quod
1296 2841 1370 2893 omni
1390 2841 1433 2893 die
1460 2839 1569 2892 iuridica
1587 2839 1677 2892 sedere

653 2931 731 2984 debet
749 2947 796 3000 pro
814 2929 947 2982 tribunali.
971 2929 997 2982 V.
1018 2944 1041 2982 2.
1061 2945 1086 2994 4.

528 3021 572 3090 33)
590 3019 712 3073 XXXVI.
731 3018 853 3080 Qualiter
870 3018 923 3070 siut
942 3018 1028 3070 banna
1047 3018 1079 3070 de
1098 3016 1160 3070 soris
1179 3017 1319 3070 iudicanda
1337 3029 1363 3070 et
1381 3033 1475 3070 eorum
1494 3033 1629 3087 processus
1647 3016 1676 3069 in

653 3108 779 3161 omnibus
799 3106 917 3160 satiendi.
942 3106 969 3158 V.
990 3121 1013 3158 2.
1032 3105 1057 3158 6.
1081 3107 1119 3158 18.

528 3198 572 3268 38)
591 3197 724 3252 XXXVII.
744 3196 892 3259 Quomodo
910 3195 1038 3248 soluende
1056 3195 1109 3247 sint
1137 3212 1182 3264 per
1209 3195 1331 3248 consults
1349 3212 1463 3264 expense
1481 3193 1547 3248 lacte
1566 3211 1612 3264 303
1630 3211 1675 3247 303

653 3285 696 3338 001
715 3287 747 3338 014
765 3285 827 3354 ipsis
845 3302 873 3338 30
891 3285 1004 3337 debeant
1022 3283 1139 3336 liberare.
1163 3283 1189 3336 V.
1209 3299 1233 3354 9.
1254 3298 1313 3351 250.

544 3376 573 3446 9)
592 3373 738 3428 XXXVIII.
758 3372 827 3425 10130
845 3374 917 3442 quod
936 3385 1040 3441 tempus
1058 3370 1117 3441 quis
1136 3371 1216 3440 possit
1235 3388 1368 3423 resumere
1386 3370 1561 3422 consulatum.
1586 3369 1613 3422 V.
1636 3386 1675 3437 53.

543 3465 573 3532 )
543 3462 750 3515 XXXVIIII.
770 3462 800 3513 ln
819 3461 939 3529 expensis
959 3458 1119 3511 rationandis
1138 3475 1249 3527 persona
1268 3475 1329 3511 cum
1350 3476 1409 3528 qua,
1422 3475 1451 3510 ac
1471 3459 1526 3511 dies
1539 3471 1564 3510 et
1578 3457 1676 3510 mensis

655 3563 717 3602 sunt
735 3549 893 3618 apponendi.
917 3547 943 3600 11.
964 3563 988 3617 9.

547 3640 603 3709 41)
605 3639 700 3692 XXX.
720 3637 775 3699 Qui
794 3649 879 3706 potest
896 3635 1012 3705 aliquem
1031 3637 1142 3688 alterum
1162 3651 1209 3705 pro
1228 3635 1346 3687 custodia
1364 3651 1494 3686 excusare.
1519 3635 1544 3686 V.
1567 3650 1607 3704 49.

546 3729 573 3795 3)
593 3728 652 3796 (43)
671 3724 792 3779 111111111.
812 3725 885 3786 Quid
903 3724 1018 3776 habeant
1035 3724 1156 3776 consules
1175 3724 1208 3774 de
1227 3723 1441 3793 inquisitionibus
1460 3723 1567 3792 etquid
1595 3721 1679 3774 Iacere

654 3827 800 3866 teneantur.
824 3813 850 3864 V.
870 3826 938 3877 3.4.
961 3826 1000 3878 17.

528 3904 574 3970 44)
593 3903 722 3972 Legillrmc
739 3907 867 3954 0430301443
885 3900 987 3952 liabetur
996 3910 1043 3968 pro
1054 3898 1238 3970 304441304304110,
1251 3900 1301 3952 nist
1297 3899 1406 3968 probat
1424 3898 1587 3951 contrarium.
1607 3896 1634 3949 V.
1653 3895 1678 3950 6.

513 2403 539 2470 (3

510 2493 537 2557 (3

511 2667 523 2735 (

511 2846 524 2915 (

512 3023 524 3090 (

512 3199 525 3268 (

512 3376 540 3444 (3

513 3465 542 3532 (4

513 3641 542 3708 (4

513 3730 542 3797 (4

514 3905 527 3973 l

518 4093 559 4132 34.
577 4076 738 4132 RUBRICA
757 4076 805 4132 DE
824 4075 1042 4132 CREDENTIA.

516 4167 576 4237 (45)
595 4167 615 4220 1.
634 4167 696 4220 Non
715 4167 826 4220 ueniens
844 4167 876 4219 ad
896 4165 1056 4218 credentiam
1075 4163 1119 4217 uel
1136 4162 1253 4216 sedendo
1271 4162 1383 4234 loquens
1409 4161 1520 4233 qualiter
1547 4159 1680 4231 puniatur.

517 4342 578 4414 (46)
596 4343 628 4396 ll.
648 4255 751 4396 elz-ng·
766 4353 886 4413 precepta
904 4341 1045 4396 consulum
1064 4341 1175 4412 loquens
1194 4341 1221 4394 in
1240 4340 1371 4394 credentia
1390 4339 1521 4410 puniatur.
1545 4338 1572 4391 V.
1594 4352 1634 4408 33.
