3918 5554
514 480 567 546 246

513 618 561 656 sua
579 600 679 656 familia
697 601 731 656 Et
748 601 794 672 qui
813 600 997 656 contrafecerit
1014 600 1102 656 soluat
1119 602 1238 656 bannum
1257 617 1305 672 pro
1323 600 1443 673 quolibet
1460 600 1613 674 etqualibet
1623 600 1681 656 uice

513 689 661 744 solidorum
680 689 712 743 V.
731 689 906 759 papiensium,
923 690 958 744 Et
974 690 996 744 si
1015 705 1072 744 non
1089 688 1199 744 soluerit
1232 689 1319 743 banna
1350 690 1464 760 predicta
1494 690 1529 745 de
1558 689 1682 760 Collegit>

514 777 665 830 extrahatur
682 794 732 830 nec
749 777 857 831 ulterius
875 777 1014 848 recipiatur
1032 777 1118 832 donec
1135 776 1245 832 soluerit
1263 777 1356 830 omnia
1374 777 1461 830 banna
1490 793 1543 847 que
1567 778 1681 846 predicta

514 865 548 918 de
565 881 643 918 causa
661 865 807 929 incurrerit,
826 865 859 918 Et
877 863 930 918 hoc
947 865 1111 935 intelligatur
1128 864 1200 934 quod
1213 879 1269 918 non
1279 863 1380 918 laboret
1392 879 1474 934 prope
1486 863 1624 936 uegetum
1637 879 1682 934 per

515 951 573 1022 VIJ,
592 952 712 1006 miliariis
733 953 767 1006 Et
785 953 818 1005 de
836 953 909 1006 dicto
928 953 1018 1006 banno
1036 969 1092 1006 non
1111 951 1194 1022 possit
1211 951 1309 1006 habere
1326 951 1452 1022 graciam.

551 1125 593 1180 25.
612 1112 679 1164 Item
698 1112 769 1181 quod
788 1111 880 1164 omnin
898 1111 985 1164 banna
1003 1123 1123 1165 accusata
1140 1111 1254 1164 debeant
1271 1109 1382 1180 judicari
1400 1121 1427 1164 et
1444 1109 1635 1180 condempnari
1647 1109 1681 1162 de

516 1199 652 1254 Conscilio
671 1199 826 1268 Sapientum
845 1198 984 1268 Calegarie
1001 1215 1069 1270 quos
1087 1198 1219 1252 Consules
1236 1197 1366 1268 elegerint
1389 1197 1422 1251 Et
1449 1197 1561 1268 quilibet
1589 1197 1683 1250 debeat

514 1305 571 1341 esse
589 1300 729 1341 contentus
747 1287 781 1339 de
799 1287 980 1356 indicamento
998 1297 1025 1340 et
1043 1287 1286 1357 condempnatione
1303 1301 1398 1340 eorum
1416 1301 1466 1339 nec
1484 1285 1566 1356 possit
1592 1300 1682 1338 coram

514 1377 605 1448 aliquo
623 1375 749 1429 reuocari.
768 1375 802 1428 Et
820 1375 866 1445 qui
884 1374 1068 1428 contrafecerit
1084 1374 1172 1428 soluat
1190 1375 1309 1428 bannum
1327 1389 1375 1444 pro
1393 1373 1510 1445 qualibet
1537 1373 1597 1426 nine
1623 1371 1684 1426 soli·

515 1465 610 1518 dorum
629 1464 662 1516 V.
681 1463 848 1534 papiensium
865 1463 899 1516 Et
916 1463 950 1516 sit
968 1475 1098 1516 extramus
1115 1463 1149 1516 de
1167 1461 1293 1532 Collegio
1310 1477 1360 1516 noc
1378 1461 1492 1532 amplius
1510 1461 1658 1532 repriatur.

549 1623 592 1676 26.
611 1622 679 1675 Item
697 1621 769 1692 quod
788 1620 878 1674 nullus
897 1620 1050 1692 Cdegarius
1068 1621 1161 1675 debeat
1170 1621 1232 1674 dare
1243 1621 1277 1674 ad
1289 1619 1465 1674 laborandum
1473 1619 1556 1691 aliqui
1566 1619 1681 1674 desento

513 1711 559 1781 qui
577 1711 611 1764 sit
629 1709 733 1763 rebellis
751 1709 898 1780 Calegarie,
917 1709 972 1763 Sub
991 1711 1080 1763 banno
1098 1709 1246 1764 solidorum
1266 1707 1298 1761 V.
1317 1708 1492 1780 papiensium.

466 1896 472 1903 ·
549 1883 590 1937 27.
609 1869 677 1922 Item
695 1869 768 1939 quod
786 1867 876 1922 nullus
887 1869 980 1921 debeat
992 1881 1081 1921 uetare
1093 1867 1201 1938 aliquod
1214 1867 1311 1938 pignus
1322 1867 1443 1921 seruitori
1455 1866 1606 1921 Consulum
1625 1867 1682 1922 Nisi

512 1959 564 2010 hoc
582 1957 672 2010 iecerit
689 1975 767 2010 causa
785 1958 909 2010 veniendi
928 1973 1063 2010 accorcare
1082 1956 1252 2020 Consulibus,
1270 1957 1303 2009 Et
1321 1956 1367 2027 qui
1386 1955 1568 2010 contrafecerit
1597 1955 1684 2009 soluat

512 2063 560 2116 pro
578 2047 694 2116 qualibet
713 2047 772 2098 uice
790 2046 912 2098 denarios
931 2043 992 2099 VII.
1012 2045 1045 2098 Et
1063 2057 1153 2114 postea
1171 2046 1215 2098 det
1228 2046 1332 2114 pignus.

549 2204 591 2256 28.
610 2204 677 2256 Item
696 2204 768 2274 quod
787 2202 898 2274 quilibet
917 2202 1018 2257 Consul
1038 2203 1133 2256 habeat
1151 2215 1177 2256 et
1196 2203 1293 2256 habere
1310 2203 1404 2256 debeat
1433 2219 1482 2273 pro
1511 2218 1561 2255 suo
1588 2200 1683 2256 salario

512 2291 613 2346 solidos
631 2291 695 2346 XX.
714 2292 747 2344 Et
760 2291 898 2345 Clanarius
910 2292 1009 2345 solidos
1024 2291 1106 2345 XXX.
1120 2291 1294 2362 papiensium,
1306 2291 1340 2344 Et
1352 2289 1470 2344 notarius
1481 2289 1581 2344 solidos
1598 2289 1682 2344 XXX.

514 2397 689 2452 papiensium.

549 2537 591 2592 29.
610 2522 678 2575 Item
696 2522 769 2593 quod
788 2521 880 2575 omnia
899 2523 986 2575 banna
1004 2522 1038 2574 de
1056 2522 1173 2592 denariis
1191 2521 1252 2577 XII.
1271 2535 1330 2576 eta
1349 2523 1464 2594 denariis
1487 2523 1545 2578 XII.
1573 2522 1683 2577 inferius

512 2609 566 2662 sint
584 2609 735 2663 Consulum
753 2609 963 2680 Calegariorum‚
982 2609 1015 2662 Et
1033 2609 1125 2663 omnia
1144 2611 1232 2665 banna
1249 2627 1265 2665 a
1283 2611 1398 2682 denariis
1424 2611 1491 2676 XII,
1521 2627 1598 2682 supra
1629 2611 1684 2664 sint

513 2696 694 2751 Comuuitatis
716 2695 925 2768 Calegariorum.

551 2869 591 2925 30.
610 2855 680 2910 Item
699 2833 771 2927 quod
790 2855 922 2910 Consules
940 2856 1066 2926 recipiant
1084 2857 1176 2910 omnin
1195 2858 1265 2911 bona
1283 2869 1416 2912 etomnes
1428 2869 1572 2928 prouentus
1585 2856 1684 2912 Comu-

513 2945 603 2998 nitatIs
621 2944 823 3014 Calegariorum
841 2945 887 3016 qui
905 2961 936 2998 ea
954 2957 1094 2998 teneantur
1111 2945 1140 2998 in
1158 2945 1415 3016 scriptIsjredducere
1428 2957 1454 2999 et
1467 2947 1500 3000 de
1513 2946 1576 3018 Ipsis
1587 2945 1615 3000 in
1628 2945 1682 3000 fine

511 3049 607 3088 eorum
625 3031 787 3087 Consulatus
805 3033 918 3087 debeant
936 3034 1035 3087 bonam
1054 3033 1162 3086 reddere
1181 3035 1320 3088 rationem.

550 3209 591 3263 3¹·
610 3192 677 3245 Item
695 3192 768 3262 quod
787 3191 877 3245 nullus
895 3191 1050 3262 Calegarius
1067 3191 1161 3246 debeat
1178 3209 1227 3246 nec
1240 3205 1374 3263 presumat
1386 3208 1525 3247 semouere
1537 3193 1565 3247 in
1578 3191 1684 3264 bugella

511 3282 545 3336 de
563 3281 650 3352 aliqua
669 3281 770 3334 derrata
788 3280 868 3334 alicui
886 3297 997 3351 persone
1015 3280 1074 3350 plus
1092 3296 1173 3351 quarn
1192 3280 1308 3335 uoluerit
1326 3282 1388 3336 dare
1405 3282 1454 3336 sub
1474 3283 1562 3337 banno
1588 3281 1685 3337 solido

512 3386 572 3423 rum
592 3369 624 3422 11.
644 3369 818 3439 papiensium.

550 3542 591 3596 32·
610 3527 678 3580 Item
696 3526 768 3596 quod
787 3526 809 3579 si
828 3539 895 3580 esset
913 3525 1008 3598 aliquis
1026 3527 1072 3598 qui
1090 3527 1188 3580 diceret
1205 3527 1322 3598 aliquam
1340 3527 1512 3582 rusticitatem
1525 3527 1604 3582 alicui
1615 3525 1685 3582 Con·

511 3614 562 3668 suli
581 3614 624 3668 uel
643 3615 765 3667 seruitori
784 3615 933 3668 dummodo
951 3627 1119 3686 apportarent
1137 3615 1165 3668 In
1184 3631 1278 3668 eorum
1296 3614 1386 3670 officio
1403 3615 1490 3670 soluat
1520 3615 1620 3671 solidos
1650 3615 1684 3670 I'.

512 3703 678 3774 papiensium
697 3719 744 3772 pro
763 3702 882 3756 Consule
900 3701 933 3756 Et
951 3719 999 3772 pro
1018 3702 1146 3757 seruitore
1164 3701 1263 3757 solidos
1281 3702 1314 3757 II.
1333 3703 1508 3774 papiensium.

549 3878 590 3932 ῃ.
608 3862 677 3915 Item
695 3872 824 3916 statutum
842 3873 882 3915 est
899 3862 971 3933 quod
990 3861 1080 3916 nullus
1099 3861 1253 3933 Calegarius
1282 3839 1378 3916 debeat
1406 3862 1535 3918 blasmare
1566 3863 1683 3936 aliquam

511 3950 642 4004 dmmmm
662 3948 773 4004 alituius
791 3949 1002 4021 Calegariorum,
1020 3950 1076 4005 Sub
1095 3951 1185 4004 banno
1202 3951 1350 4006 solidorum
1368 3950 1401 4005 II.
1421 3952 1595 4024 papiensium.

548 4124 589 4178 34.
608 4110 675 4162 Item
693 4109 766 4180 quod
785 4108 874 4162 nullus
893 4107 1047 4180 Calegarius
1065 4109 1158 4164 debeat
1176 4126 1273 4165 nocere
1291 4111 1325 4164 de
1356 4109 1443 4182 ailqua
1474 4112 1575 4165 derrata
1607 4110 1685 4164 vnius

510 4197 584 4251 alteri
603 4213 655 4268 que
673 4198 802 4268 pertiomt
820 4197 852 4250 ad
871 4196 991 4252 officium
1010 4197 1149 4268 Calegarie
1167 4200 1216 4252 sub
1245 4199 1334 4253 banuo
1366 4215 1414 4270 pro
1446 4199 1566 4270 quolibet
1596 4199 1685 4254 Coreo

509 4285 656 4338 solidorum
676 4285 708 4340 V.
730 4297 756 4339 et
774 4301 822 4356 pro
841 4285 958 4356 qualibet
976 4283 1045 4357 pelle
1063 4285 1211 4342 solidorum
1231 4286 1264 4341 II.
1284 4287 1459 4358 papiensium.
