<?xml version="1.0" encoding="UTF-8"?>
<!DOCTYPE html PUBLIC "-//W3C//DTD XHTML 1.0 Transitional//EN"
    "http://www.w3.org/TR/xhtml1/DTD/xhtml1-transitional.dtd">
<html xmlns="http://www.w3.org/1999/xhtml" xml:lang="en" lang="en">
 <head>
  <title>
</title>
<meta http-equiv="Content-Type" content="text/html;charset=utf-8" />
  <meta name='ocr-system' content='tesseract 3.04.00' />
  <meta name='ocr-capabilities' content='ocr_page ocr_carea ocr_par ocr_line ocrx_word'/>
</head>
<body>
  <div class='ocr_page' id='page_1' title='image "./statutacomunisb00sellgoog_0167.png"; bbox 0 0 3958 5540; ppageno 0'>
   <div class='ocr_carea' id='block_1_1' title="bbox 536 539 585 584">
    <p class='ocr_par' dir='ltr' id='par_1_1' title="bbox 536 539 585 584">
     <span class='ocr_line' id='line_1_1' title="bbox 536 539 585 584; baseline 0 -6"><span class='ocrx_word' id='word_1_1' title='bbox 536 539 585 584; x_wconf 75' lang='lat'>132</span> 
     </span>
    </p>
   </div>
   <div class='ocr_carea' id='block_1_2' title="bbox 530 647 1700 1425">
    <p class='ocr_par' dir='ltr' id='par_1_2' title="bbox 530 647 1700 1425">
     <span class='ocr_line' id='line_1_2' title="bbox 531 647 1699 720; baseline 0.006 -22"><span class='ocrx_word' id='word_1_2' title='bbox 531 647 600 699; x_wconf 84' lang='lat' dir='ltr'>sales</span> <span class='ocrx_word' id='word_1_3' title='bbox 620 647 715 710; x_wconf 85' lang='lat' dir='ltr'>electis,</span> <span class='ocrx_word' id='word_1_4' title='bbox 735 649 765 701; x_wconf 89' lang='lat' dir='ltr'>In</span> <span class='ocrx_word' id='word_1_5' title='bbox 784 665 898 718; x_wconf 90' lang='lat' dir='ltr'>qnorum</span> <span class='ocrx_word' id='word_1_6' title='bbox 917 663 1031 702; x_wconf 89' lang='lat' dir='ltr'>numero</span> <span class='ocrx_word' id='word_1_7' title='bbox 1048 647 1082 701; x_wconf 91' lang='lat' dir='ltr'>sit</span> <span class='ocrx_word' id='word_1_8' title='bbox 1100 647 1188 702; x_wconf 89' lang='lat' dir='ltr'>saltim</span> <span class='ocrx_word' id='word_1_9' title='bbox 1207 649 1286 702; x_wconf 88' lang='lat' dir='ltr'>tercia</span> <span class='ocrx_word' id='word_1_10' title='bbox 1304 666 1362 718; x_wconf 87' lang='lat' dir='ltr'>pars</span> <span class='ocrx_word' id='word_1_11' title='bbox 1374 647 1598 720; x_wconf 80' lang='lat' dir='ltr'>magistraliarum</span> <span class='ocrx_word' id='word_1_12' title='bbox 1612 661 1699 704; x_wconf 74' lang='lat' dir='ltr'>tenea-</span> 
     </span>
     <span class='ocr_line' id='line_1_3' title="bbox 531 737 1699 806; baseline 0.004 -19"><span class='ocrx_word' id='word_1_13' title='bbox 531 746 573 787; x_wconf 87' lang='lat' dir='ltr'>tur</span> <span class='ocrx_word' id='word_1_14' title='bbox 592 737 624 788; x_wconf 92' lang='lat' dir='ltr'>de</span> <span class='ocrx_word' id='word_1_15' title='bbox 643 753 734 788; x_wconf 85' lang='lat' dir='ltr'>mense</span> <span class='ocrx_word' id='word_1_16' title='bbox 752 737 862 806; x_wconf 87' lang='lat' dir='ltr'>januarij</span> <span class='ocrx_word' id='word_1_17' title='bbox 881 749 909 790; x_wconf 88' lang='lat' dir='ltr'>et</span> <span class='ocrx_word' id='word_1_18' title='bbox 928 738 1026 806; x_wconf 87' lang='lat' dir='ltr'>precise</span> <span class='ocrx_word' id='word_1_19' title='bbox 1044 737 1196 806; x_wconf 77' lang='lat' dir='ltr'><strong>generalem</strong></span> <span class='ocrx_word' id='word_1_20' title='bbox 1215 749 1241 792; x_wconf 88' lang='lat' dir='ltr'>et</span> <span class='ocrx_word' id='word_1_21' title='bbox 1259 739 1359 791; x_wconf 87' lang='lat' dir='ltr'>bonam</span> <span class='ocrx_word' id='word_1_22' title='bbox 1377 738 1463 791; x_wconf 86' lang='lat' dir='ltr'>tocius</span> <span class='ocrx_word' id='word_1_23' title='bbox 1475 755 1522 792; x_wconf 89' lang='lat' dir='ltr'>sne</span> <span class='ocrx_word' id='word_1_24' title='bbox 1533 738 1699 792; x_wconf 80' lang='lat' dir='ltr'>administra·</span> 
     </span>
     <span class='ocr_line' id='line_1_4' title="bbox 531 824 1700 896; baseline 0.002 -18"><span class='ocrx_word' id='word_1_25' title='bbox 531 824 611 878; x_wconf 92' lang='lat' dir='ltr'>tionis</span> <span class='ocrx_word' id='word_1_26' title='bbox 630 826 736 877; x_wconf 78' lang='lat' dir='ltr'>reddere</span> <span class='ocrx_word' id='word_1_27' title='bbox 755 825 884 878; x_wconf 85' lang='lat' dir='ltr'>rationem</span> <span class='ocrx_word' id='word_1_28' title='bbox 898 825 979 878; x_wconf 89' lang='lat' dir='ltr'>nichil</span> <span class='ocrx_word' id='word_1_29' title='bbox 995 827 1053 896; x_wconf 88' lang='lat' dir='ltr'>plns</span> <span class='ocrx_word' id='word_1_30' title='bbox 1066 827 1192 896; x_wconf 89' lang='lat' dir='ltr'>ponendo</span> <span class='ocrx_word' id='word_1_31' title='bbox 1205 827 1233 880; x_wconf 92' lang='lat' dir='ltr'>in</span> <span class='ocrx_word' id='word_1_32' title='bbox 1246 827 1366 896; x_wconf 82' lang='lat' dir='ltr'>expensis</span> <span class='ocrx_word' id='word_1_33' title='bbox 1380 843 1463 896; x_wconf 80' lang='lat' dir='ltr'>quam</span> <span class='ocrx_word' id='word_1_34' title='bbox 1474 843 1503 880; x_wconf 88' lang='lat' dir='ltr'>re</span> <span class='ocrx_word' id='word_1_35' title='bbox 1515 844 1578 880; x_wconf 84' lang='lat' dir='ltr'>nera</span> <span class='ocrx_word' id='word_1_36' title='bbox 1591 827 1700 882; x_wconf 89' lang='lat' dir='ltr'>soluerit</span> 
     </span>
     <span class='ocr_line' id='line_1_5' title="bbox 530 913 1699 985; baseline 0.004 -21"><span class='ocrx_word' id='word_1_37' title='bbox 530 929 580 965; x_wconf 90' lang='lat' dir='ltr'>nec</span> <span class='ocrx_word' id='word_1_38' title='bbox 598 913 696 982; x_wconf 89' lang='lat' dir='ltr'>aliquid</span> <span class='ocrx_word' id='word_1_39' title='bbox 716 913 873 966; x_wconf 90' lang='lat' dir='ltr'>occultando</span> <span class='ocrx_word' id='word_1_40' title='bbox 892 913 935 967; x_wconf 87' lang='lat' dir='ltr'>uel</span> <span class='ocrx_word' id='word_1_41' title='bbox 954 915 1065 967; x_wconf 87' lang='lat' dir='ltr'>celando</span> <span class='ocrx_word' id='word_1_42' title='bbox 1084 915 1117 968; x_wconf 90' lang='lat' dir='ltr'>de</span> <span class='ocrx_word' id='word_1_43' title='bbox 1135 915 1212 968; x_wconf 86' lang='lat' dir='ltr'>bonis</span> <span class='ocrx_word' id='word_1_44' title='bbox 1230 927 1257 968; x_wconf 87' lang='lat' dir='ltr'>et</span> <span class='ocrx_word' id='word_1_45' title='bbox 1275 914 1448 985; x_wconf 87' lang='lat' dir='ltr'>prouentibus</span> <span class='ocrx_word' id='word_1_46' title='bbox 1474 915 1538 969; x_wconf 90' lang='lat' dir='ltr'>dicti</span> <span class='ocrx_word' id='word_1_47' title='bbox 1566 915 1699 970; x_wconf 85' lang='lat' dir='ltr'>Comunis</span> 
     </span>
     <span class='ocr_line' id='line_1_6' title="bbox 530 1000 1699 1074; baseline 0.004 -21"><span class='ocrx_word' id='word_1_48' title='bbox 530 1001 579 1054; x_wconf 89' lang='lat' dir='ltr'>snb</span> <span class='ocrx_word' id='word_1_49' title='bbox 598 1018 664 1070; x_wconf 82' lang='lat' dir='ltr'>pena</span> <span class='ocrx_word' id='word_1_50' title='bbox 683 1000 808 1054; x_wconf 89' lang='lat' dir='ltr'>librarum</span> <span class='ocrx_word' id='word_1_51' title='bbox 827 1001 859 1066; x_wconf 89' lang='lat' dir='ltr'>X,</span> <span class='ocrx_word' id='word_1_52' title='bbox 879 1019 927 1072; x_wconf 93' lang='lat' dir='ltr'>pro</span> <span class='ocrx_word' id='word_1_53' title='bbox 945 1003 1061 1072; x_wconf 90' lang='lat' dir='ltr'>qnalibet</span> <span class='ocrx_word' id='word_1_54' title='bbox 1079 1003 1226 1072; x_wconf 83' lang='lat' dir='ltr'>septimana</span> <span class='ocrx_word' id='word_1_55' title='bbox 1244 1021 1296 1074; x_wconf 92' lang='lat' dir='ltr'>qua</span> <span class='ocrx_word' id='word_1_56' title='bbox 1321 1002 1451 1057; x_wconf 87' lang='lat' dir='ltr'>distulerit</span> <span class='ocrx_word' id='word_1_57' title='bbox 1478 1003 1562 1074; x_wconf 88' lang='lat' dir='ltr'>ipsam</span> <span class='ocrx_word' id='word_1_58' title='bbox 1590 1004 1699 1058; x_wconf 77' lang='lat' dir='ltr'>reddere</span> 
     </span>
     <span class='ocr_line' id='line_1_7' title="bbox 531 1089 1699 1162; baseline 0.003 -21"><span class='ocrx_word' id='word_1_59' title='bbox 531 1090 661 1142; x_wconf 87' lang='lat' dir='ltr'>rationem</span> <span class='ocrx_word' id='word_1_60' title='bbox 679 1089 713 1141; x_wconf 88' lang='lat' dir='ltr'>Et</span> <span class='ocrx_word' id='word_1_61' title='bbox 731 1089 895 1143; x_wconf 76' lang='lat' dir='ltr'>restitutione</span> <span class='ocrx_word' id='word_1_62' title='bbox 913 1090 942 1142; x_wconf 90' lang='lat' dir='ltr'>in</span> <span class='ocrx_word' id='word_1_63' title='bbox 960 1090 1136 1160; x_wconf 87' lang='lat' dir='ltr'>quadruplum</span> <span class='ocrx_word' id='word_1_64' title='bbox 1155 1092 1212 1144; x_wconf 79' lang='lat' dir='ltr'>eitn</span> <span class='ocrx_word' id='word_1_65' title='bbox 1232 1091 1304 1161; x_wconf 90' lang='lat' dir='ltr'>quod</span> <span class='ocrx_word' id='word_1_66' title='bbox 1323 1091 1381 1162; x_wconf 90' lang='lat' dir='ltr'>plus</span> <span class='ocrx_word' id='word_1_67' title='bbox 1399 1091 1541 1162; x_wconf 78' lang='lat' dir='ltr'>possuisset</span> <span class='ocrx_word' id='word_1_68' title='bbox 1559 1092 1603 1146; x_wconf 87' lang='lat' dir='ltr'>nel</span> <span class='ocrx_word' id='word_1_69' title='bbox 1620 1091 1699 1146; x_wconf 86' lang='lat' dir='ltr'>celas·</span> 
     </span>
     <span class='ocr_line' id='line_1_8' title="bbox 531 1178 1698 1250; baseline 0.003 -22"><span class='ocrx_word' id='word_1_70' title='bbox 531 1191 570 1229; x_wconf 86' lang='lat' dir='ltr'>set</span> <span class='ocrx_word' id='word_1_71' title='bbox 588 1179 621 1228; x_wconf 89' lang='lat' dir='ltr'>de</span> <span class='ocrx_word' id='word_1_72' title='bbox 640 1178 716 1230; x_wconf 89' lang='lat' dir='ltr'>bonis</span> <span class='ocrx_word' id='word_1_73' title='bbox 734 1179 796 1230; x_wconf 88' lang='lat' dir='ltr'>dicti</span> <span class='ocrx_word' id='word_1_74' title='bbox 816 1179 954 1232; x_wconf 85' lang='lat' dir='ltr'>Comanis.</span> <span class='ocrx_word' id='word_1_75' title='bbox 973 1179 1007 1230; x_wconf 90' lang='lat' dir='ltr'>Et</span> <span class='ocrx_word' id='word_1_76' title='bbox 1025 1179 1058 1232; x_wconf 88' lang='lat' dir='ltr'>de</span> <span class='ocrx_word' id='word_1_77' title='bbox 1076 1179 1224 1232; x_wconf 85' lang='lat' dir='ltr'>redditione</span> <span class='ocrx_word' id='word_1_78' title='bbox 1243 1180 1357 1249; x_wconf 87' lang='lat' dir='ltr'>predicta</span> <span class='ocrx_word' id='word_1_79' title='bbox 1368 1179 1494 1249; x_wconf 85' lang='lat' dir='ltr'>scriptura</span> <span class='ocrx_word' id='word_1_80' title='bbox 1507 1191 1584 1250; x_wconf 90' lang='lat' dir='ltr'>prout</span> <span class='ocrx_word' id='word_1_81' title='bbox 1596 1179 1698 1234; x_wconf 84' lang='lat' dir='ltr'>reddita</span> 
     </span>
     <span class='ocr_line' id='line_1_9' title="bbox 532 1263 1698 1338; baseline 0.004 -22"><span class='ocrx_word' id='word_1_82' title='bbox 532 1263 609 1317; x_wconf 88' lang='lat' dir='ltr'>fuerit</span> <span class='ocrx_word' id='word_1_83' title='bbox 627 1267 807 1318; x_wconf 90' lang='lat' dir='ltr'>conseruenda</span> <span class='ocrx_word' id='word_1_84' title='bbox 819 1265 967 1319; x_wconf 87' lang='lat' dir='ltr'>dimittatur</span> <span class='ocrx_word' id='word_1_85' title='bbox 978 1267 1048 1335; x_wconf 87' lang='lat' dir='ltr'>apud</span> <span class='ocrx_word' id='word_1_86' title='bbox 1060 1267 1201 1320; x_wconf 90' lang='lat' dir='ltr'>dominnm</span> <span class='ocrx_word' id='word_1_87' title='bbox 1215 1279 1380 1336; x_wconf 89' lang='lat' dir='ltr'>potestatem.</span> <span class='ocrx_word' id='word_1_88' title='bbox 1394 1267 1450 1330; x_wconf 86' lang='lat' dir='ltr'>Qui</span> <span class='ocrx_word' id='word_1_89' title='bbox 1463 1277 1604 1338; x_wconf 77' lang='lat' dir='ltr'>potestates</span> <span class='ocrx_word' id='word_1_90' title='bbox 1613 1267 1698 1338; x_wconf 87' lang='lat' dir='ltr'>ipsam</span> 
     </span>
     <span class='ocr_line' id='line_1_10' title="bbox 533 1351 1380 1425; baseline 0.006 -22"><span class='ocrx_word' id='word_1_91' title='bbox 533 1352 631 1422; x_wconf 84' lang='lat' dir='ltr'>perlegi</span> <span class='ocrx_word' id='word_1_92' title='bbox 651 1351 728 1404; x_wconf 87' lang='lat' dir='ltr'>faciat</span> <span class='ocrx_word' id='word_1_93' title='bbox 746 1353 883 1421; x_wconf 82' lang='lat' dir='ltr'>sigillatim</span> <span class='ocrx_word' id='word_1_94' title='bbox 902 1353 930 1406; x_wconf 92' lang='lat' dir='ltr'>in</span> <span class='ocrx_word' id='word_1_95' title='bbox 950 1354 1036 1423; x_wconf 89' lang='lat' dir='ltr'>prima</span> <span class='ocrx_word' id='word_1_96' title='bbox 1054 1355 1189 1408; x_wconf 88' lang='lat' dir='ltr'>credencia</span> <span class='ocrx_word' id='word_1_97' title='bbox 1208 1367 1268 1425; x_wconf 89' lang='lat' dir='ltr'>post</span> <span class='ocrx_word' id='word_1_98' title='bbox 1286 1355 1380 1408; x_wconf 88' lang='lat' dir='ltr'>fienda.</span> 
     </span>
    </p>
   </div>
   <div class='ocr_carea' id='block_1_3' title="bbox 532 1491 1701 1825">
    <p class='ocr_par' dir='ltr' id='par_1_3' title="bbox 532 1491 1701 1825">
     <span class='ocr_line' id='line_1_11' title="bbox 568 1491 1698 1566; baseline 0.005 -22"><span class='ocrx_word' id='word_1_99' title='bbox 568 1507 610 1562; x_wconf 76' lang='lat'>49.</span> <span class='ocrx_word' id='word_1_100' title='bbox 629 1493 696 1545; x_wconf 91' lang='lat' dir='ltr'>ltem</span> <span class='ocrx_word' id='word_1_101' title='bbox 715 1493 786 1562; x_wconf 90' lang='lat' dir='ltr'>qnod</span> <span class='ocrx_word' id='word_1_102' title='bbox 806 1491 894 1546; x_wconf 89' lang='lat' dir='ltr'>statim</span> <span class='ocrx_word' id='word_1_103' title='bbox 913 1493 1013 1546; x_wconf 79' lang='lat' dir='ltr'>reddita</span> <span class='ocrx_word' id='word_1_104' title='bbox 1032 1494 1134 1547; x_wconf 89' lang='lat' dir='ltr'>ratione</span> <span class='ocrx_word' id='word_1_105' title='bbox 1152 1495 1267 1565; x_wconf 88' lang='lat' dir='ltr'>predicta</span> <span class='ocrx_word' id='word_1_106' title='bbox 1285 1496 1341 1566; x_wconf 86' lang='lat' dir='ltr'>ipse</span> <span class='ocrx_word' id='word_1_107' title='bbox 1354 1494 1492 1548; x_wconf 80' lang='lat' dir='ltr'>Clanarius</span> <span class='ocrx_word' id='word_1_108' title='bbox 1505 1507 1625 1548; x_wconf 89' lang='lat' dir='ltr'>teneatur</span> <span class='ocrx_word' id='word_1_109' title='bbox 1636 1513 1698 1550; x_wconf 90' lang='lat' dir='ltr'>con-</span> 
     </span>
     <span class='ocr_line' id='line_1_12' title="bbox 532 1580 1699 1653; baseline 0.004 -22"><span class='ocrx_word' id='word_1_110' title='bbox 532 1581 637 1648; x_wconf 85' lang='lat' dir='ltr'>signare</span> <span class='ocrx_word' id='word_1_111' title='bbox 655 1581 732 1632; x_wconf 90' lang='lat' dir='ltr'>nonis</span> <span class='ocrx_word' id='word_1_112' title='bbox 751 1580 875 1633; x_wconf 88' lang='lat' dir='ltr'>Clanario</span> <span class='ocrx_word' id='word_1_113' title='bbox 894 1593 921 1633; x_wconf 88' lang='lat' dir='ltr'>et</span> <span class='ocrx_word' id='word_1_114' title='bbox 939 1581 1100 1634; x_wconf 86' lang='lat' dir='ltr'>Consulibus</span> <span class='ocrx_word' id='word_1_115' title='bbox 1119 1583 1210 1634; x_wconf 88' lang='lat' dir='ltr'>omnia</span> <span class='ocrx_word' id='word_1_116' title='bbox 1229 1600 1280 1652; x_wconf 91' lang='lat' dir='ltr'>que</span> <span class='ocrx_word' id='word_1_117' title='bbox 1299 1581 1406 1634; x_wconf 88' lang='lat' dir='ltr'>baberet</span> <span class='ocrx_word' id='word_1_118' title='bbox 1424 1595 1450 1635; x_wconf 92' lang='lat' dir='ltr'>et</span> <span class='ocrx_word' id='word_1_119' title='bbox 1468 1581 1496 1634; x_wconf 90' lang='lat' dir='ltr'>in</span> <span class='ocrx_word' id='word_1_120' title='bbox 1509 1582 1596 1652; x_wconf 86' lang='lat' dir='ltr'>ipsum</span> <span class='ocrx_word' id='word_1_121' title='bbox 1610 1600 1699 1653; x_wconf 80' lang='lat' dir='ltr'>perne·</span> 
     </span>
     <span class='ocr_line' id='line_1_13' title="bbox 533 1667 1701 1739; baseline 0.005 -21"><span class='ocrx_word' id='word_1_122' title='bbox 533 1668 633 1719; x_wconf 87' lang='lat' dir='ltr'>nissent</span> <span class='ocrx_word' id='word_1_123' title='bbox 651 1669 684 1720; x_wconf 92' lang='lat' dir='ltr'>de</span> <span class='ocrx_word' id='word_1_124' title='bbox 703 1669 779 1720; x_wconf 91' lang='lat' dir='ltr'>bonis</span> <span class='ocrx_word' id='word_1_125' title='bbox 798 1667 860 1721; x_wconf 90' lang='lat' dir='ltr'>dicti</span> <span class='ocrx_word' id='word_1_126' title='bbox 880 1668 1011 1721; x_wconf 90' lang='lat' dir='ltr'>Comunis</span> <span class='ocrx_word' id='word_1_127' title='bbox 1039 1671 1088 1721; x_wconf 87' lang='lat' dir='ltr'>sub</span> <span class='ocrx_word' id='word_1_128' title='bbox 1114 1669 1202 1722; x_wconf 91' lang='lat' dir='ltr'>banno</span> <span class='ocrx_word' id='word_1_129' title='bbox 1230 1669 1377 1722; x_wconf 89' lang='lat' dir='ltr'>solidorum</span> <span class='ocrx_word' id='word_1_130' title='bbox 1407 1669 1454 1722; x_wconf 85' lang='lat' dir='ltr'>Lx</span> <span class='ocrx_word' id='word_1_131' title='bbox 1472 1669 1637 1739; x_wconf 76' lang='lat' dir='ltr'>papiensium</span> <span class='ocrx_word' id='word_1_132' title='bbox 1656 1671 1701 1724; x_wconf 91' lang='lat' dir='ltr'>die</span> 
     </span>
     <span class='ocr_line' id='line_1_14' title="bbox 533 1755 1673 1825; baseline 0.005 -19"><span class='ocrx_word' id='word_1_133' title='bbox 533 1755 640 1824; x_wconf 79' lang='lat' dir='ltr'>singulo</span> <span class='ocrx_word' id='word_1_134' title='bbox 659 1772 712 1825; x_wconf 94' lang='lat' dir='ltr'>quo</span> <span class='ocrx_word' id='word_1_135' title='bbox 731 1755 854 1821; x_wconf 78' lang='lat' dir='ltr'>differret,</span> <span class='ocrx_word' id='word_1_136' title='bbox 873 1756 905 1809; x_wconf 90' lang='lat' dir='ltr'>Et</span> <span class='ocrx_word' id='word_1_137' title='bbox 923 1757 957 1809; x_wconf 89' lang='lat' dir='ltr'>de</span> <span class='ocrx_word' id='word_1_138' title='bbox 975 1757 1083 1808; x_wconf 87' lang='lat' dir='ltr'>redditis</span> <span class='ocrx_word' id='word_1_139' title='bbox 1102 1769 1222 1809; x_wconf 86' lang='lat' dir='ltr'>teneatur</span> <span class='ocrx_word' id='word_1_140' title='bbox 1240 1755 1325 1810; x_wconf 90' lang='lat' dir='ltr'>facere</span> <span class='ocrx_word' id='word_1_141' title='bbox 1343 1755 1438 1810; x_wconf 89' lang='lat' dir='ltr'>confici</span> <span class='ocrx_word' id='word_1_142' title='bbox 1457 1757 1673 1812; x_wconf 87' lang='lat' dir='ltr'>instrumentum.</span> 
     </span>
    </p>
   </div>
   <div class='ocr_carea' id='block_1_4' title="bbox 533 1895 1701 2496">
    <p class='ocr_par' dir='ltr' id='par_1_4' title="bbox 533 1895 1701 2496">
     <span class='ocr_line' id='line_1_15' title="bbox 571 1895 1701 1967; baseline 0.002 -19"><span class='ocrx_word' id='word_1_143' title='bbox 571 1909 611 1964; x_wconf 84' lang='lat'>50.</span> <span class='ocrx_word' id='word_1_144' title='bbox 630 1896 698 1948; x_wconf 88' lang='lat' dir='ltr'>Item</span> <span class='ocrx_word' id='word_1_145' title='bbox 716 1895 787 1966; x_wconf 89' lang='lat' dir='ltr'>quod</span> <span class='ocrx_word' id='word_1_146' title='bbox 807 1895 872 1948; x_wconf 88' lang='lat' dir='ltr'>fiant</span> <span class='ocrx_word' id='word_1_147' title='bbox 889 1897 944 1950; x_wconf 89' lang='lat' dir='ltr'>duo</span> <span class='ocrx_word' id='word_1_148' title='bbox 957 1896 1015 1948; x_wconf 91' lang='lat' dir='ltr'>libri</span> <span class='ocrx_word' id='word_1_149' title='bbox 1029 1913 1202 1966; x_wconf 87' lang='lat' dir='ltr'>expensarum</span> <span class='ocrx_word' id='word_1_150' title='bbox 1215 1909 1242 1948; x_wconf 88' lang='lat' dir='ltr'>et</span> <span class='ocrx_word' id='word_1_151' title='bbox 1255 1896 1308 1949; x_wconf 92' lang='lat' dir='ltr'>dno</span> <span class='ocrx_word' id='word_1_152' title='bbox 1322 1897 1356 1950; x_wconf 88' lang='lat' dir='ltr'>de</span> <span class='ocrx_word' id='word_1_153' title='bbox 1370 1897 1487 1966; x_wconf 87' lang='lat' dir='ltr'>receptis.</span> <span class='ocrx_word' id='word_1_154' title='bbox 1500 1896 1624 1950; x_wconf 88' lang='lat' dir='ltr'>Duorum</span> <span class='ocrx_word' id='word_1_155' title='bbox 1637 1913 1701 1967; x_wconf 78' lang='lat' dir='ltr'>qno</span> 
     </span>
     <span class='ocr_line' id='line_1_16' title="bbox 533 1984 1698 2056; baseline 0.002 -19"><span class='ocrx_word' id='word_1_156' title='bbox 533 2001 593 2037; x_wconf 87' lang='lat' dir='ltr'>turn</span> <span class='ocrx_word' id='word_1_157' title='bbox 612 2001 679 2036; x_wconf 72' lang='lat' dir='ltr'>snus</span> <span class='ocrx_word' id='word_1_158' title='bbox 697 1984 793 2053; x_wconf 88' lang='lat' dir='ltr'>recepti</span> <span class='ocrx_word' id='word_1_159' title='bbox 812 1997 837 2037; x_wconf 91' lang='lat' dir='ltr'>et</span> <span class='ocrx_word' id='word_1_160' title='bbox 850 1984 916 2036; x_wconf 90' lang='lat' dir='ltr'>alius</span> <span class='ocrx_word' id='word_1_161' title='bbox 930 2001 1044 2053; x_wconf 83' lang='lat' dir='ltr'>expense</span> <span class='ocrx_word' id='word_1_162' title='bbox 1069 1996 1224 2036; x_wconf 78' lang='lat' dir='ltr'>remaneant</span> <span class='ocrx_word' id='word_1_163' title='bbox 1237 2001 1317 2054; x_wconf 88' lang='lat' dir='ltr'>penes</span> <span class='ocrx_word' id='word_1_164' title='bbox 1332 1984 1485 2038; x_wconf 88' lang='lat' dir='ltr'>Clanarium</span> <span class='ocrx_word' id='word_1_165' title='bbox 1498 1985 1541 2054; x_wconf 84' lang='lat' dir='ltr'>alij</span> <span class='ocrx_word' id='word_1_166' title='bbox 1554 1985 1608 2038; x_wconf 91' lang='lat' dir='ltr'>dno</span> <span class='ocrx_word' id='word_1_167' title='bbox 1617 2003 1698 2056; x_wconf 87' lang='lat' dir='ltr'>penes</span> 
     </span>
     <span class='ocr_line' id='line_1_17' title="bbox 534 2071 1701 2142; baseline 0.002 -18"><span class='ocrx_word' id='word_1_168' title='bbox 534 2085 698 2141; x_wconf 87' lang='lat' dir='ltr'>potestatem.</span> <span class='ocrx_word' id='word_1_169' title='bbox 717 2073 747 2124; x_wconf 93' lang='lat' dir='ltr'>lu</span> <span class='ocrx_word' id='word_1_170' title='bbox 767 2073 861 2141; x_wconf 90' lang='lat' dir='ltr'>quibus</span> <span class='ocrx_word' id='word_1_171' title='bbox 881 2072 952 2124; x_wconf 87' lang='lat' dir='ltr'>libris</span> <span class='ocrx_word' id='word_1_172' title='bbox 971 2072 1054 2124; x_wconf 89' lang='lat' dir='ltr'>nichil</span> <span class='ocrx_word' id='word_1_173' title='bbox 1074 2073 1156 2141; x_wconf 75' lang='lat' dir='ltr'>possit</span> <span class='ocrx_word' id='word_1_174' title='bbox 1173 2073 1285 2124; x_wconf 86' lang='lat' dir='ltr'>describi</span> <span class='ocrx_word' id='word_1_175' title='bbox 1297 2073 1347 2124; x_wconf 91' lang='lat' dir='ltr'>nisi</span> <span class='ocrx_word' id='word_1_176' title='bbox 1362 2090 1408 2142; x_wconf 91' lang='lat' dir='ltr'>per</span> <span class='ocrx_word' id='word_1_177' title='bbox 1419 2073 1555 2126; x_wconf 89' lang='lat' dir='ltr'>notarium</span> <span class='ocrx_word' id='word_1_178' title='bbox 1569 2071 1701 2126; x_wconf 86' lang='lat' dir='ltr'>Comunis</span> 
     </span>
     <span class='ocr_line' id='line_1_18' title="bbox 534 2160 1701 2230; baseline 0.003 -18"><span class='ocrx_word' id='word_1_179' title='bbox 534 2163 566 2213; x_wconf 83' lang='lat' dir='ltr'>Et</span> <span class='ocrx_word' id='word_1_180' title='bbox 585 2161 611 2212; x_wconf 90' lang='lat' dir='ltr'>in</span> <span class='ocrx_word' id='word_1_181' title='bbox 633 2161 764 2230; x_wconf 77' lang='lat' dir='ltr'>presencia</span> <span class='ocrx_word' id='word_1_182' title='bbox 783 2161 845 2213; x_wconf 86' lang='lat' dir='ltr'>dicti</span> <span class='ocrx_word' id='word_1_183' title='bbox 864 2161 967 2212; x_wconf 89' lang='lat' dir='ltr'>domini</span> <span class='ocrx_word' id='word_1_184' title='bbox 987 2161 1121 2229; x_wconf 84' lang='lat' dir='ltr'>potestatis</span> <span class='ocrx_word' id='word_1_185' title='bbox 1141 2173 1166 2212; x_wconf 89' lang='lat' dir='ltr'>et</span> <span class='ocrx_word' id='word_1_186' title='bbox 1185 2162 1262 2214; x_wconf 84' lang='lat' dir='ltr'>vuius</span> <span class='ocrx_word' id='word_1_187' title='bbox 1291 2161 1378 2214; x_wconf 89' lang='lat' dir='ltr'>saltim</span> <span class='ocrx_word' id='word_1_188' title='bbox 1397 2179 1429 2214; x_wconf 84' lang='lat' dir='ltr'>ex</span> <span class='ocrx_word' id='word_1_189' title='bbox 1457 2160 1610 2214; x_wconf 87' lang='lat' dir='ltr'>consulibus</span> <span class='ocrx_word' id='word_1_190' title='bbox 1628 2161 1701 2215; x_wconf 87' lang='lat' dir='ltr'>Etsi</span> 
     </span>
     <span class='ocr_line' id='line_1_19' title="bbox 534 2247 1700 2320; baseline 0.001 -19"><span class='ocrx_word' id='word_1_191' title='bbox 534 2251 609 2302; x_wconf 88' lang='lat' dir='ltr'>aliter</span> <span class='ocrx_word' id='word_1_192' title='bbox 627 2266 707 2318; x_wconf 91' lang='lat' dir='ltr'>quam</span> <span class='ocrx_word' id='word_1_193' title='bbox 726 2261 755 2301; x_wconf 92' lang='lat' dir='ltr'>nt</span> <span class='ocrx_word' id='word_1_194' title='bbox 774 2249 914 2317; x_wconf 89' lang='lat' dir='ltr'>predicitur</span> <span class='ocrx_word' id='word_1_195' title='bbox 933 2248 1031 2300; x_wconf 85' lang='lat' dir='ltr'>lactum</span> <span class='ocrx_word' id='word_1_196' title='bbox 1050 2247 1127 2301; x_wconf 86' lang='lat' dir='ltr'>suerit</span> <span class='ocrx_word' id='word_1_197' title='bbox 1146 2266 1201 2301; x_wconf 91' lang='lat' dir='ltr'>non</span> <span class='ocrx_word' id='word_1_198' title='bbox 1221 2249 1307 2302; x_wconf 90' lang='lat' dir='ltr'>ualeat</span> <span class='ocrx_word' id='word_1_199' title='bbox 1320 2266 1368 2302; x_wconf 90' lang='lat' dir='ltr'>nec</span> <span class='ocrx_word' id='word_1_200' title='bbox 1382 2249 1446 2302; x_wconf 88' lang='lat' dir='ltr'>fides</span> <span class='ocrx_word' id='word_1_201' title='bbox 1458 2249 1613 2302; x_wconf 65' lang='lat' dir='ltr'>adhibeatur</span> <span class='ocrx_word' id='word_1_202' title='bbox 1625 2251 1700 2320; x_wconf 85' lang='lat' dir='ltr'>scrip</span> 
     </span>
     <span class='ocr_line' id='line_1_20' title="bbox 534 2336 1700 2409; baseline 0.001 -18"><span class='ocrx_word' id='word_1_203' title='bbox 534 2351 599 2391; x_wconf 85' lang='lat' dir='ltr'>ture.</span> <span class='ocrx_word' id='word_1_204' title='bbox 619 2339 651 2389; x_wconf 71' lang='lat' dir='ltr'>lit</span> <span class='ocrx_word' id='word_1_205' title='bbox 671 2338 736 2389; x_wconf 88' lang='lat' dir='ltr'>ratio</span> <span class='ocrx_word' id='word_1_206' title='bbox 755 2338 861 2407; x_wconf 92' lang='lat' dir='ltr'>qnando</span> <span class='ocrx_word' id='word_1_207' title='bbox 881 2336 926 2389; x_wconf 88' lang='lat' dir='ltr'>fiet</span> <span class='ocrx_word' id='word_1_208' title='bbox 944 2337 1066 2389; x_wconf 85' lang='lat' dir='ltr'>reddatur</span> <span class='ocrx_word' id='word_1_209' title='bbox 1083 2354 1161 2408; x_wconf 89' lang='lat' dir='ltr'>super</span> <span class='ocrx_word' id='word_1_210' title='bbox 1179 2337 1251 2390; x_wconf 88' lang='lat' dir='ltr'>libris</span> <span class='ocrx_word' id='word_1_211' title='bbox 1266 2339 1311 2409; x_wconf 90' lang='lat' dir='ltr'>qni</span> <span class='ocrx_word' id='word_1_212' title='bbox 1325 2349 1490 2391; x_wconf 86' lang='lat' dir='ltr'>reseruemur</span> <span class='ocrx_word' id='word_1_213' title='bbox 1502 2355 1547 2408; x_wconf 90' lang='lat' dir='ltr'>per</span> <span class='ocrx_word' id='word_1_214' title='bbox 1559 2338 1700 2392; x_wconf 89' lang='lat' dir='ltr'>dominum</span> 
     </span>
     <span class='ocr_line' id='line_1_21' title="bbox 536 2439 700 2496; baseline -0.012 -17"><span class='ocrx_word' id='word_1_215' title='bbox 536 2439 700 2496; x_wconf 87' lang='lat' dir='ltr'>potestatem.</span> 
     </span>
    </p>
   </div>
   <div class='ocr_carea' id='block_1_5' title="bbox 535 2582 1700 2744">
    <p class='ocr_par' dir='ltr' id='par_1_5' title="bbox 535 2582 1700 2744">
     <span class='ocr_line' id='line_1_22' title="bbox 574 2582 1699 2656; baseline 0 -20"><span class='ocrx_word' id='word_1_216' title='bbox 574 2599 613 2652; x_wconf 87' lang='lat'>51.</span> <span class='ocrx_word' id='word_1_217' title='bbox 633 2582 712 2635; x_wconf 80' lang='lat' dir='ltr'>Nulla</span> <span class='ocrx_word' id='word_1_218' title='bbox 731 2582 888 2636; x_wconf 87' lang='lat' dir='ltr'>cancellacio</span> <span class='ocrx_word' id='word_1_219' title='bbox 907 2584 1017 2635; x_wconf 89' lang='lat' dir='ltr'>alicuius</span> <span class='ocrx_word' id='word_1_220' title='bbox 1035 2582 1288 2652; x_wconf 76' lang='lat' dir='ltr'>condempnationis</span> <span class='ocrx_word' id='word_1_221' title='bbox 1307 2582 1393 2635; x_wconf 79' lang='lat' dir='ltr'>ualeat</span> <span class='ocrx_word' id='word_1_222' title='bbox 1410 2582 1461 2635; x_wconf 89' lang='lat' dir='ltr'>nisi</span> <span class='ocrx_word' id='word_1_223' title='bbox 1480 2583 1552 2652; x_wconf 87' lang='lat' dir='ltr'>prius</span> <span class='ocrx_word' id='word_1_224' title='bbox 1565 2598 1699 2656; x_wconf 87' lang='lat' dir='ltr'>receptum</span> 
     </span>
     <span class='ocr_line' id='line_1_23' title="bbox 535 2669 1700 2744; baseline 0.003 -22"><span class='ocrx_word' id='word_1_225' title='bbox 535 2671 615 2740; x_wconf 89' lang='lat' dir='ltr'>ipsius</span> <span class='ocrx_word' id='word_1_226' title='bbox 634 2672 881 2740; x_wconf 72' lang='lat' dir='ltr'>condempnationis</span> <span class='ocrx_word' id='word_1_227' title='bbox 900 2671 978 2724; x_wconf 83' lang='lat' dir='ltr'>inerit</span> <span class='ocrx_word' id='word_1_228' title='bbox 996 2672 1122 2740; x_wconf 87' lang='lat' dir='ltr'>scriptum</span> <span class='ocrx_word' id='word_1_229' title='bbox 1140 2674 1168 2724; x_wconf 91' lang='lat' dir='ltr'>in</span> <span class='ocrx_word' id='word_1_230' title='bbox 1188 2671 1256 2724; x_wconf 88' lang='lat' dir='ltr'>libro</span> <span class='ocrx_word' id='word_1_231' title='bbox 1275 2671 1370 2740; x_wconf 87' lang='lat' dir='ltr'>recepti</span> <span class='ocrx_word' id='word_1_232' title='bbox 1389 2670 1434 2741; x_wconf 89' lang='lat' dir='ltr'>qui</span> <span class='ocrx_word' id='word_1_233' title='bbox 1453 2669 1531 2723; x_wconf 87' lang='lat' dir='ltr'>luerit</span> <span class='ocrx_word' id='word_1_234' title='bbox 1556 2689 1637 2741; x_wconf 84' lang='lat' dir='ltr'>penes</span> <span class='ocrx_word' id='word_1_235' title='bbox 1655 2691 1700 2744; x_wconf 83' lang='lat' dir='ltr'>po</span> 
     </span>
    </p>
   </div>
   <div class='ocr_carea' id='block_1_6' title="bbox 491 2759 1698 2918">
    <p class='ocr_par' dir='ltr' id='par_1_6' title="bbox 491 2759 1698 2918">
     <span class='ocr_line' id='line_1_24' title="bbox 535 2759 1698 2832; baseline 0.002 -20"><span class='ocrx_word' id='word_1_236' title='bbox 535 2773 663 2812; x_wconf 87' lang='lat' dir='ltr'>testatem.</span> <span class='ocrx_word' id='word_1_237' title='bbox 683 2760 713 2811; x_wconf 92' lang='lat' dir='ltr'>ln</span> <span class='ocrx_word' id='word_1_238' title='bbox 732 2776 785 2829; x_wconf 93' lang='lat' dir='ltr'>qno</span> <span class='ocrx_word' id='word_1_239' title='bbox 805 2759 871 2812; x_wconf 93' lang='lat' dir='ltr'>libro</span> <span class='ocrx_word' id='word_1_240' title='bbox 889 2761 1016 2812; x_wconf 87' lang='lat' dir='ltr'>scribatur</span> <span class='ocrx_word' id='word_1_241' title='bbox 1034 2777 1110 2812; x_wconf 87' lang='lat' dir='ltr'>cansa</span> <span class='ocrx_word' id='word_1_242' title='bbox 1129 2759 1387 2828; x_wconf 75' lang='lat' dir='ltr'>condempnationis</span> <span class='ocrx_word' id='word_1_243' title='bbox 1400 2759 1434 2812; x_wconf 88' lang='lat' dir='ltr'>Et</span> <span class='ocrx_word' id='word_1_244' title='bbox 1446 2759 1631 2814; x_wconf 83' lang='lat' dir='ltr'>cacellationes</span> <span class='ocrx_word' id='word_1_245' title='bbox 1643 2762 1698 2832; x_wconf 86' lang='lat' dir='ltr'>ipse</span> 
     </span>
     <span class='ocr_line' id='line_1_25' title="bbox 491 2847 1490 2918; baseline -0.001 -18"><span class='ocrx_word' id='word_1_246' title='bbox 491 2864 509 2882; x_wconf 60' lang='lat' dir='ltr'>t</span> <span class='ocrx_word' id='word_1_247' title='bbox 537 2848 601 2900; x_wconf 81' lang='lat' dir='ltr'>fiant</span> <span class='ocrx_word' id='word_1_248' title='bbox 619 2848 707 2900; x_wconf 82' lang='lat' dir='ltr'>solunt</span> <span class='ocrx_word' id='word_1_249' title='bbox 727 2865 772 2916; x_wconf 89' lang='lat' dir='ltr'>per</span> <span class='ocrx_word' id='word_1_250' title='bbox 792 2848 910 2900; x_wconf 84' lang='lat' dir='ltr'>notarios</span> <span class='ocrx_word' id='word_1_251' title='bbox 929 2849 1031 2900; x_wconf 86' lang='lat' dir='ltr'>iusticie</span> <span class='ocrx_word' id='word_1_252' title='bbox 1049 2847 1120 2899; x_wconf 88' lang='lat' dir='ltr'>illins</span> <span class='ocrx_word' id='word_1_253' title='bbox 1139 2847 1265 2916; x_wconf 89' lang='lat' dir='ltr'>temporis</span> <span class='ocrx_word' id='word_1_254' title='bbox 1277 2863 1331 2918; x_wconf 89' lang='lat' dir='ltr'>quo</span> <span class='ocrx_word' id='word_1_255' title='bbox 1350 2859 1490 2900; x_wconf 83' lang='lat' dir='ltr'>cassentur.</span> 
     </span>
    </p>
   </div>
   <div class='ocr_carea' id='block_1_7' title="bbox 535 3005 1703 3695">
    <p class='ocr_par' dir='ltr' id='par_1_7' title="bbox 535 3005 1703 3695">
     <span class='ocr_line' id='line_1_26' title="bbox 574 3005 1702 3077; baseline 0.001 -18"><span class='ocrx_word' id='word_1_256' title='bbox 574 3022 612 3074; x_wconf 81' lang='lat'>52.</span> <span class='ocrx_word' id='word_1_257' title='bbox 633 3007 699 3059; x_wconf 89' lang='lat' dir='ltr'>ltem</span> <span class='ocrx_word' id='word_1_258' title='bbox 717 3019 837 3060; x_wconf 89' lang='lat' dir='ltr'>teneatur</span> <span class='ocrx_word' id='word_1_259' title='bbox 855 3007 992 3060; x_wconf 84' lang='lat' dir='ltr'>Clanarius</span> <span class='ocrx_word' id='word_1_260' title='bbox 1011 3007 1080 3060; x_wconf 85' lang='lat' dir='ltr'>dicte</span> <span class='ocrx_word' id='word_1_261' title='bbox 1099 3005 1278 3058; x_wconf 89' lang='lat' dir='ltr'>Comunitatis</span> <span class='ocrx_word' id='word_1_262' title='bbox 1296 3005 1400 3058; x_wconf 86' lang='lat' dir='ltr'>soluere</span> <span class='ocrx_word' id='word_1_263' title='bbox 1427 3007 1587 3077; x_wconf 90' lang='lat' dir='ltr'>cuicumque</span> <span class='ocrx_word' id='word_1_264' title='bbox 1605 3007 1702 3060; x_wconf 86' lang='lat' dir='ltr'>habere</span> 
     </span>
     <span class='ocr_line' id='line_1_27' title="bbox 535 3093 1701 3164; baseline 0.001 -17"><span class='ocrx_word' id='word_1_265' title='bbox 535 3095 639 3147; x_wconf 87' lang='lat' dir='ltr'>debenti</span> <span class='ocrx_word' id='word_1_266' title='bbox 659 3096 760 3148; x_wconf 84' lang='lat' dir='ltr'>adleta</span> <span class='ocrx_word' id='word_1_267' title='bbox 780 3097 951 3148; x_wconf 88' lang='lat' dir='ltr'>Comunitate</span> <span class='ocrx_word' id='word_1_268' title='bbox 970 3095 1036 3147; x_wconf 88' lang='lat' dir='ltr'>insra</span> <span class='ocrx_word' id='word_1_269' title='bbox 1055 3096 1087 3148; x_wconf 84' lang='lat' dir='ltr'>X.</span> <span class='ocrx_word' id='word_1_270' title='bbox 1106 3096 1162 3146; x_wconf 70' lang='lat' dir='ltr'>dits</span> <span class='ocrx_word' id='word_1_271' title='bbox 1181 3105 1319 3163; x_wconf 88' lang='lat' dir='ltr'>postquam</span> <span class='ocrx_word' id='word_1_272' title='bbox 1348 3093 1415 3146; x_wconf 89' lang='lat' dir='ltr'>soret</span> <span class='ocrx_word' id='word_1_273' title='bbox 1441 3094 1567 3164; x_wconf 88' lang='lat' dir='ltr'>scripturn</span> <span class='ocrx_word' id='word_1_274' title='bbox 1588 3095 1615 3148; x_wconf 91' lang='lat' dir='ltr'>in</span> <span class='ocrx_word' id='word_1_275' title='bbox 1634 3095 1701 3148; x_wconf 90' lang='lat' dir='ltr'>libro</span> 
     </span>
     <span class='ocr_line' id='line_1_28' title="bbox 535 3181 1702 3254; baseline 0.002 -20"><span class='ocrx_word' id='word_1_276' title='bbox 535 3202 648 3252; x_wconf 76' lang='lat' dir='ltr'>expense</span> <span class='ocrx_word' id='word_1_277' title='bbox 666 3185 710 3254; x_wconf 92' lang='lat' dir='ltr'>qui</span> <span class='ocrx_word' id='word_1_278' title='bbox 732 3184 807 3237; x_wconf 86' lang='lat' dir='ltr'>luerit</span> <span class='ocrx_word' id='word_1_279' title='bbox 827 3203 906 3253; x_wconf 87' lang='lat' dir='ltr'>penes</span> <span class='ocrx_word' id='word_1_280' title='bbox 925 3197 1089 3254; x_wconf 85' lang='lat' dir='ltr'>potestatem.</span> <span class='ocrx_word' id='word_1_281' title='bbox 1109 3185 1173 3245; x_wconf 81' lang='lat' dir='ltr'>Quo</span> <span class='ocrx_word' id='word_1_282' title='bbox 1193 3183 1307 3235; x_wconf 86' lang='lat' dir='ltr'>termino</span> <span class='ocrx_word' id='word_1_283' title='bbox 1326 3182 1415 3252; x_wconf 87' lang='lat' dir='ltr'>elapso</span> <span class='ocrx_word' id='word_1_284' title='bbox 1444 3181 1563 3235; x_wconf 80' lang='lat' dir='ltr'>Potestas</span> <span class='ocrx_word' id='word_1_285' title='bbox 1581 3185 1613 3236; x_wconf 90' lang='lat' dir='ltr'>ad</span> <span class='ocrx_word' id='word_1_286' title='bbox 1633 3185 1702 3254; x_wconf 89' lang='lat' dir='ltr'>peti-</span> 
     </span>
     <span class='ocr_line' id='line_1_29' title="bbox 535 3269 1703 3340; baseline -0.001 -14"><span class='ocrx_word' id='word_1_287' title='bbox 535 3274 635 3326; x_wconf 83' lang='lat' dir='ltr'>tionem</span> <span class='ocrx_word' id='word_1_288' title='bbox 656 3273 752 3325; x_wconf 86' lang='lat' dir='ltr'>habere</span> <span class='ocrx_word' id='word_1_289' title='bbox 771 3275 889 3325; x_wconf 87' lang='lat' dir='ltr'>debentis</span> <span class='ocrx_word' id='word_1_290' title='bbox 909 3275 965 3324; x_wconf 88' lang='lat' dir='ltr'>sine</span> <span class='ocrx_word' id='word_1_291' title='bbox 984 3271 1034 3324; x_wconf 86' lang='lat' dir='ltr'>alia</span> <span class='ocrx_word' id='word_1_292' title='bbox 1053 3273 1117 3340; x_wconf 82' lang='lat' dir='ltr'>juris</span> <span class='ocrx_word' id='word_1_293' title='bbox 1136 3271 1290 3339; x_wconf 84' lang='lat' dir='ltr'>cognitione</span> <span class='ocrx_word' id='word_1_294' title='bbox 1308 3271 1395 3339; x_wconf 91' lang='lat' dir='ltr'>ipsum</span> <span class='ocrx_word' id='word_1_295' title='bbox 1415 3269 1569 3324; x_wconf 89' lang='lat' dir='ltr'>Clanarium</span> <span class='ocrx_word' id='word_1_296' title='bbox 1583 3283 1703 3326; x_wconf 88' lang='lat' dir='ltr'>teneatur</span> 
     </span>
     <span class='ocr_line' id='line_1_30' title="bbox 536 3358 1702 3430; baseline 0.002 -19"><span class='ocrx_word' id='word_1_297' title='bbox 536 3363 668 3430; x_wconf 64' lang='lat' dir='ltr'>pignorari</span> <span class='ocrx_word' id='word_1_298' title='bbox 687 3375 713 3413; x_wconf 89' lang='lat' dir='ltr'>et</span> <span class='ocrx_word' id='word_1_299' title='bbox 732 3361 903 3430; x_wconf 87' lang='lat' dir='ltr'>personaliter</span> <span class='ocrx_word' id='word_1_300' title='bbox 932 3361 1016 3412; x_wconf 84' lang='lat' dir='ltr'>lacere</span> <span class='ocrx_word' id='word_1_301' title='bbox 1043 3361 1155 3412; x_wconf 88' lang='lat' dir='ltr'>detineri</span> <span class='ocrx_word' id='word_1_302' title='bbox 1183 3376 1266 3428; x_wconf 89' lang='lat' dir='ltr'>usque</span> <span class='ocrx_word' id='word_1_303' title='bbox 1294 3360 1326 3411; x_wconf 85' lang='lat' dir='ltr'>ad</span> <span class='ocrx_word' id='word_1_304' title='bbox 1346 3358 1477 3428; x_wconf 88' lang='lat' dir='ltr'>integram</span> <span class='ocrx_word' id='word_1_305' title='bbox 1496 3359 1702 3413; x_wconf 86' lang='lat' dir='ltr'>satistactionem</span> 
     </span>
     <span class='ocr_line' id='line_1_31' title="bbox 535 3446 1700 3518; baseline 0 -17"><span class='ocrx_word' id='word_1_306' title='bbox 535 3451 591 3501; x_wconf 85' lang='lat' dir='ltr'>eius</span> <span class='ocrx_word' id='word_1_307' title='bbox 610 3450 681 3518; x_wconf 90' lang='lat' dir='ltr'>quod</span> <span class='ocrx_word' id='word_1_308' title='bbox 700 3451 806 3501; x_wconf 87' lang='lat' dir='ltr'>deberet</span> <span class='ocrx_word' id='word_1_309' title='bbox 824 3450 887 3500; x_wconf 87' lang='lat' dir='ltr'>alias</span> <span class='ocrx_word' id='word_1_310' title='bbox 906 3461 1019 3518; x_wconf 88' lang='lat' dir='ltr'>potestas</span> <span class='ocrx_word' id='word_1_311' title='bbox 1038 3449 1065 3499; x_wconf 92' lang='lat' dir='ltr'>in</span> <span class='ocrx_word' id='word_1_312' title='bbox 1085 3448 1136 3499; x_wconf 87' lang='lat' dir='ltr'>hoc</span> <span class='ocrx_word' id='word_1_313' title='bbox 1167 3447 1306 3515; x_wconf 86' lang='lat' dir='ltr'>negligens</span> <span class='ocrx_word' id='word_1_314' title='bbox 1324 3447 1357 3498; x_wconf 88' lang='lat' dir='ltr'>de</span> <span class='ocrx_word' id='word_1_315' title='bbox 1385 3463 1434 3499; x_wconf 88' lang='lat' dir='ltr'>suo</span> <span class='ocrx_word' id='word_1_316' title='bbox 1452 3446 1556 3500; x_wconf 89' lang='lat' dir='ltr'>soluere</span> <span class='ocrx_word' id='word_1_317' title='bbox 1574 3459 1700 3501; x_wconf 87' lang='lat' dir='ltr'>teneatur.</span> 
     </span>
     <span class='ocr_line' id='line_1_32' title="bbox 536 3533 1698 3607; baseline 0.001 -19"><span class='ocrx_word' id='word_1_318' title='bbox 536 3539 568 3588; x_wconf 73' lang='lat' dir='ltr'>lit</span> <span class='ocrx_word' id='word_1_319' title='bbox 587 3538 707 3590; x_wconf 84' lang='lat' dir='ltr'>similiter</span> <span class='ocrx_word' id='word_1_320' title='bbox 725 3539 806 3607; x_wconf 85' lang='lat' dir='ltr'>possit</span> <span class='ocrx_word' id='word_1_321' title='bbox 825 3536 990 3588; x_wconf 86' lang='lat' dir='ltr'>fideiussores</span> <span class='ocrx_word' id='word_1_322' title='bbox 1008 3553 1070 3588; x_wconf 88' lang='lat' dir='ltr'>suos</span> <span class='ocrx_word' id='word_1_323' title='bbox 1090 3535 1229 3604; x_wconf 84' lang='lat' dir='ltr'>pignorare</span> <span class='ocrx_word' id='word_1_324' title='bbox 1247 3546 1273 3586; x_wconf 91' lang='lat' dir='ltr'>et</span> <span class='ocrx_word' id='word_1_325' title='bbox 1291 3533 1376 3586; x_wconf 84' lang='lat' dir='ltr'>facere</span> <span class='ocrx_word' id='word_1_326' title='bbox 1388 3535 1501 3587; x_wconf 88' lang='lat' dir='ltr'>detineri</span> <span class='ocrx_word' id='word_1_327' title='bbox 1514 3537 1642 3605; x_wconf 91' lang='lat' dir='ltr'>usquead</span> <span class='ocrx_word' id='word_1_328' title='bbox 1661 3553 1698 3589; x_wconf 87' lang='lat' dir='ltr'>sa·</span> 
     </span>
     <span class='ocr_line' id='line_1_33' title="bbox 536 3624 1175 3695; baseline -0.006 -17"><span class='ocrx_word' id='word_1_329' title='bbox 536 3625 685 3678; x_wconf 78' lang='lat' dir='ltr'>tisiaciones</span> <span class='ocrx_word' id='word_1_330' title='bbox 704 3626 832 3695; x_wconf 80' lang='lat' dir='ltr'>predictas</span> <span class='ocrx_word' id='word_1_331' title='bbox 850 3626 871 3677; x_wconf 91' lang='lat' dir='ltr'>si</span> <span class='ocrx_word' id='word_1_332' title='bbox 891 3624 968 3677; x_wconf 87' lang='lat' dir='ltr'>luerit</span> <span class='ocrx_word' id='word_1_333' title='bbox 987 3635 1175 3692; x_wconf 89' lang='lat' dir='ltr'>opportunum.</span> 
     </span>
    </p>
   </div>
   <div class='ocr_carea' id='block_1_8' title="bbox 536 3761 1707 4170">
    <p class='ocr_par' dir='ltr' id='par_1_8' title="bbox 536 3761 1707 4170">
     <span class='ocr_line' id='line_1_34' title="bbox 575 3761 1700 3836; baseline 0.001 -18"><span class='ocrx_word' id='word_1_334' title='bbox 575 3781 613 3834; x_wconf 82' lang='lat'>53.</span> <span class='ocrx_word' id='word_1_335' title='bbox 633 3767 700 3818; x_wconf 88' lang='lat' dir='ltr'>Item</span> <span class='ocrx_word' id='word_1_336' title='bbox 720 3765 764 3818; x_wconf 81' lang='lat' dir='ltr'>fiat</span> <span class='ocrx_word' id='word_1_337' title='bbox 783 3765 886 3836; x_wconf 88' lang='lat' dir='ltr'>publica</span> <span class='ocrx_word' id='word_1_338' title='bbox 905 3765 1080 3833; x_wconf 87' lang='lat' dir='ltr'>preconizatio</span> <span class='ocrx_word' id='word_1_339' title='bbox 1099 3781 1145 3832; x_wconf 90' lang='lat' dir='ltr'>per</span> <span class='ocrx_word' id='word_1_340' title='bbox 1163 3764 1195 3816; x_wconf 82' lang='lat' dir='ltr'>X.</span> <span class='ocrx_word' id='word_1_341' title='bbox 1215 3765 1270 3816; x_wconf 88' lang='lat' dir='ltr'>dies</span> <span class='ocrx_word' id='word_1_342' title='bbox 1288 3775 1350 3815; x_wconf 88' lang='lat' dir='ltr'>ante</span> <span class='ocrx_word' id='word_1_343' title='bbox 1368 3761 1464 3816; x_wconf 87' lang='lat' dir='ltr'>festum</span> <span class='ocrx_word' id='word_1_344' title='bbox 1492 3765 1575 3816; x_wconf 87' lang='lat' dir='ltr'>sancti</span> <span class='ocrx_word' id='word_1_345' title='bbox 1595 3765 1700 3819; x_wconf 89' lang='lat' dir='ltr'>Martini</span> 
     </span>
     <span class='ocr_line' id='line_1_35' title="bbox 536 3851 1700 3924; baseline 0.002 -20"><span class='ocrx_word' id='word_1_346' title='bbox 536 3857 607 3923; x_wconf 84' lang='lat' dir='ltr'>qnod</span> <span class='ocrx_word' id='word_1_347' title='bbox 626 3855 647 3906; x_wconf 89' lang='lat' dir='ltr'>si</span> <span class='ocrx_word' id='word_1_348' title='bbox 667 3855 753 3924; x_wconf 86' lang='lat' dir='ltr'>aliqua</span> <span class='ocrx_word' id='word_1_349' title='bbox 773 3871 883 3923; x_wconf 86' lang='lat' dir='ltr'>persona</span> <span class='ocrx_word' id='word_1_350' title='bbox 902 3855 998 3905; x_wconf 84' lang='lat' dir='ltr'>habere</span> <span class='ocrx_word' id='word_1_351' title='bbox 1016 3855 1094 3905; x_wconf 87' lang='lat' dir='ltr'>debet</span> <span class='ocrx_word' id='word_1_352' title='bbox 1112 3869 1127 3904; x_wconf 87' lang='lat' dir='ltr'>a</span> <span class='ocrx_word' id='word_1_353' title='bbox 1146 3853 1216 3905; x_wconf 86' lang='lat' dir='ltr'>dicto</span> <span class='ocrx_word' id='word_1_354' title='bbox 1236 3851 1360 3904; x_wconf 88' lang='lat' dir='ltr'>Clanario</span> <span class='ocrx_word' id='word_1_355' title='bbox 1379 3851 1523 3904; x_wconf 81' lang='lat' dir='ltr'>occarione</span> <span class='ocrx_word' id='word_1_356' title='bbox 1536 3853 1700 3906; x_wconf 88' lang='lat' dir='ltr'>administra·</span> 
     </span>
     <span class='ocr_line' id='line_1_36' title="bbox 537 3939 1704 4013; baseline 0.001 -20"><span class='ocrx_word' id='word_1_357' title='bbox 537 3942 616 3993; x_wconf 86' lang='lat' dir='ltr'>tionis</span> <span class='ocrx_word' id='word_1_358' title='bbox 636 3960 682 3994; x_wconf 92' lang='lat' dir='ltr'>sue</span> <span class='ocrx_word' id='word_1_359' title='bbox 701 3943 777 3994; x_wconf 84' lang='lat' dir='ltr'>saciat</span> <span class='ocrx_word' id='word_1_360' title='bbox 796 3943 969 4013; x_wconf 81' lang='lat' dir='ltr'>quantitatem</span> <span class='ocrx_word' id='word_1_361' title='bbox 989 3955 1014 3994; x_wconf 88' lang='lat' dir='ltr'>et</span> <span class='ocrx_word' id='word_1_362' title='bbox 1033 3958 1139 3993; x_wconf 86' lang='lat' dir='ltr'>cansam</span> <span class='ocrx_word' id='word_1_363' title='bbox 1158 3959 1205 4010; x_wconf 89' lang='lat' dir='ltr'>per</span> <span class='ocrx_word' id='word_1_364' title='bbox 1222 3941 1356 3993; x_wconf 88' lang='lat' dir='ltr'>notarium</span> <span class='ocrx_word' id='word_1_365' title='bbox 1376 3939 1508 3992; x_wconf 90' lang='lat' dir='ltr'>Comunis</span> <span class='ocrx_word' id='word_1_366' title='bbox 1532 3941 1651 3994; x_wconf 88' lang='lat' dir='ltr'>describi.</span> <span class='ocrx_word' id='word_1_367' title='bbox 1670 3941 1704 3994; x_wconf 88' lang='lat' dir='ltr'>Et</span> 
     </span>
     <span class='ocr_line' id='line_1_37' title="bbox 539 4027 1707 4099; baseline 0.003 -21"><span class='ocrx_word' id='word_1_368' title='bbox 539 4042 652 4096; x_wconf 78' lang='lat' dir='ltr'>potestas</span> <span class='ocrx_word' id='word_1_369' title='bbox 672 4031 824 4082; x_wconf 88' lang='lat' dir='ltr'>Clanarium</span> <span class='ocrx_word' id='word_1_370' title='bbox 844 4032 967 4099; x_wconf 84' lang='lat' dir='ltr'>remedijs</span> <span class='ocrx_word' id='word_1_371' title='bbox 986 4030 1142 4098; x_wconf 88' lang='lat' dir='ltr'>opportunis</span> <span class='ocrx_word' id='word_1_372' title='bbox 1169 4028 1311 4098; x_wconf 87' lang='lat' dir='ltr'>compellat</span> <span class='ocrx_word' id='word_1_373' title='bbox 1330 4028 1362 4080; x_wconf 87' lang='lat' dir='ltr'>ad</span> <span class='ocrx_word' id='word_1_374' title='bbox 1376 4027 1538 4081; x_wconf 88' lang='lat' dir='ltr'>solutionem</span> <span class='ocrx_word' id='word_1_375' title='bbox 1554 4028 1651 4082; x_wconf 85' lang='lat' dir='ltr'>habere</span> <span class='ocrx_word' id='word_1_376' title='bbox 1664 4031 1707 4084; x_wconf 89' lang='lat' dir='ltr'>de·</span> 
     </span>
     <span class='ocr_line' id='line_1_38' title="bbox 539 4117 910 4170; baseline 0.003 -3"><span class='ocrx_word' id='word_1_377' title='bbox 539 4117 660 4168; x_wconf 80' lang='lat' dir='ltr'>bentibus</span> <span class='ocrx_word' id='word_1_378' title='bbox 680 4117 735 4169; x_wconf 85' lang='lat' dir='ltr'>fieri</span> <span class='ocrx_word' id='word_1_379' title='bbox 754 4118 910 4170; x_wconf 83' lang='lat' dir='ltr'>faciendam.</span> 
     </span>
    </p>
   </div>
   <div class='ocr_carea' id='block_1_9' title="bbox 540 4239 1706 4398">
    <p class='ocr_par' dir='ltr' id='par_1_9' title="bbox 540 4239 1706 4398">
     <span class='ocr_line' id='line_1_39' title="bbox 579 4239 1705 4309; baseline 0.002 -18"><span class='ocrx_word' id='word_1_380' title='bbox 579 4253 618 4306; x_wconf 76' lang='lat'>54.</span> <span class='ocrx_word' id='word_1_381' title='bbox 638 4239 666 4292; x_wconf 89' lang='lat' dir='ltr'>Si</span> <span class='ocrx_word' id='word_1_382' title='bbox 686 4257 737 4309; x_wconf 90' lang='lat' dir='ltr'>qua</span> <span class='ocrx_word' id='word_1_383' title='bbox 756 4256 867 4308; x_wconf 83' lang='lat' dir='ltr'>persona</span> <span class='ocrx_word' id='word_1_384' title='bbox 886 4240 981 4292; x_wconf 84' lang='lat' dir='ltr'>habere</span> <span class='ocrx_word' id='word_1_385' title='bbox 1000 4239 1120 4291; x_wconf 84' lang='lat' dir='ltr'>debuerit</span> <span class='ocrx_word' id='word_1_386' title='bbox 1138 4256 1153 4292; x_wconf 85' lang='lat' dir='ltr'>a</span> <span class='ocrx_word' id='word_1_387' title='bbox 1172 4239 1296 4292; x_wconf 84' lang='lat' dir='ltr'>Clauario</span> <span class='ocrx_word' id='word_1_388' title='bbox 1315 4239 1432 4309; x_wconf 88' lang='lat' dir='ltr'>aliquam</span> <span class='ocrx_word' id='word_1_389' title='bbox 1450 4239 1625 4309; x_wconf 81' lang='lat' dir='ltr'>quantitatem</span> <span class='ocrx_word' id='word_1_390' title='bbox 1643 4239 1705 4293; x_wconf 78' lang='lat' dir='ltr'>cles·</span> 
     </span>
     <span class='ocr_line' id='line_1_40' title="bbox 540 4325 1706 4398; baseline 0.003 -19"><span class='ocrx_word' id='word_1_391' title='bbox 540 4327 649 4397; x_wconf 88' lang='lat' dir='ltr'>criptam</span> <span class='ocrx_word' id='word_1_392' title='bbox 669 4327 697 4378; x_wconf 92' lang='lat' dir='ltr'>in</span> <span class='ocrx_word' id='word_1_393' title='bbox 718 4327 784 4380; x_wconf 89' lang='lat' dir='ltr'>libro</span> <span class='ocrx_word' id='word_1_394' title='bbox 819 4343 992 4397; x_wconf 80' lang='lat' dir='ltr'>expensarum</span> <span class='ocrx_word' id='word_1_395' title='bbox 1019 4327 1096 4380; x_wconf 90' lang='lat' dir='ltr'>lllam</span> <span class='ocrx_word' id='word_1_396' title='bbox 1125 4339 1212 4397; x_wconf 88' lang='lat' dir='ltr'>petere</span> <span class='ocrx_word' id='word_1_397' title='bbox 1238 4327 1332 4380; x_wconf 76' lang='lat' dir='ltr'>debeat</span> <span class='ocrx_word' id='word_1_398' title='bbox 1358 4325 1425 4380; x_wconf 79' lang='lat' dir='ltr'>inita</span> <span class='ocrx_word' id='word_1_399' title='bbox 1452 4343 1498 4380; x_wconf 74' lang='lat' dir='ltr'>sex</span> <span class='ocrx_word' id='word_1_400' title='bbox 1523 4343 1629 4382; x_wconf 84' lang='lat' dir='ltr'>mertses</span> <span class='ocrx_word' id='word_1_401' title='bbox 1647 4339 1706 4398; x_wconf 85' lang='lat' dir='ltr'>post</span> 
     </span>
    </p>
   </div>
   <div class='ocr_carea' id='block_1_10' title="bbox 0 0 1992 5540">
    <p class='ocr_par' dir='ltr' id='par_1_10' title="bbox 0 0 1992 5540">
     <span class='ocr_line' id='line_1_41' title="bbox 0 0 1992 5540; baseline 0 0"><span class='ocrx_word' id='word_1_402' title='bbox 0 0 1992 5540; x_wconf 95' lang='lat' dir='ltr'> </span> 
     </span>
    </p>
   </div>
  </div>
 </body>
</html>
