3958 5540
549 483 584 536 70

587 589 644 659 367.
664 591 706 658 (r)
724 590 792 643 Item
810 601 937 642 statutum
956 601 994 643 est
1012 589 1085 660 quod
1103 607 1197 643 omnes
1215 587 1340 644 homines
1357 591 1391 644 de
1409 588 1515 660 bugella
1532 601 1562 644 et
1576 601 1675 644 stantes
1687 601 1715 644 et

544 679 696 754 ¹habitantes
706 679 734 730 in
747 678 853 747 bugella
866 679 912 748 qui
924 679 1134 750 Receptauerint
1146 679 1177 732 ln
1191 695 1285 732 eorum
1298 677 1422 732 domibus
1434 693 1480 732 seu
1493 691 1596 748 portare
1607 678 1715 748 permis

547 765 644 818 scerint
660 765 748 835 aliqua
767 767 837 818 bona
854 766 939 818 ablata
957 783 1003 818 seu
1031 767 1146 836 dampna
1172 767 1233 820 data
1260 765 1288 818 in
1306 765 1416 819 comuni
1443 764 1486 818 uel
1505 765 1533 818 in
1549 765 1649 818 diuisso
1667 781 1713 818 seu

548 853 640 904 dantes
658 852 743 921 dapna
762 852 805 905 uel
824 852 973 922 frangentes
993 854 1112 906 bannum
1142 852 1359 922 conpustulamm
1378 869 1424 906 seu
1443 852 1609 922 Recipientes
1627 851 1713 905 aliena

549 941 618 994 bona
637 941 664 992 in
684 957 777 994 eorum
796 941 920 994 domibus
938 959 984 994 seu
1003 941 1210 994 habitationibus
1227 953 1295 994 stare
1314 940 1356 994 uel
1375 940 1493 994 habitare
1511 940 1712 1010 permisscerint

548 1027 590 1079 uel
610 1028 638 1079 in
657 1044 750 1080 eorum
769 1027 877 1080 familia
897 1027 1051 1080 Tenmntur
1068 1029 1210 1080 emendare
1228 1029 1314 1098 dapna
1332 1039 1359 1080 et
1376 1025 1538 1080 offensiones
1549 1027 1589 1079 illi
1601 1043 1647 1080 seu
1659 1026 1712 1079 illis

547 1115 643 1182 quibus
661 1117 720 1168 data
739 1115 843 1168 fuerint
862 1128 888 1169 et
906 1116 1010 1168 soluere
1029 1117 1115 1168 banna
1133 1116 1280 1168 secundum
1298 1127 1393 1168 statuta
1406 1115 1529 1168 comunis
1540 1115 1654 1184 bugelle.
1667 1131 1713 1184 per
1780 1173 1782 1178 ,

547 1203 609 1255 inde
626 1220 656 1255 ac
674 1203 696 1255 si
715 1204 764 1272 ipsi
782 1215 944 1273 receptentes
970 1221 1016 1256 seu
1044 1204 1168 1273 receptari
1196 1204 1365 1273 permitentes
1392 1203 1525 1256 dedissent
1551 1202 1712 1255 offensiones

547 1289 590 1342 uel
611 1291 698 1344 banna
717 1290 855 1361 fregissent
873 1291 1090 1361 conpostularum
1103 1292 1154 1344 nisi
1168 1292 1233 1344 dens
1245 1307 1292 1344 seu
1304 1291 1396 1344 dentes
1408 1291 1494 1360 dapna
1506 1289 1550 1343 uel
1562 1289 1712 1360 frangentes

546 1379 633 1430 banna
650 1379 804 1433 acordarent
822 1380 937 1448 predicta
954 1381 1049 1432 banna
1069 1381 1111 1449 (2)
1129 1380 1163 1432 Et
1179 1395 1234 1433 non
1247 1379 1349 1449 possint
1360 1390 1452 1432 contra
1464 1378 1516 1432 hoc
1528 1377 1711 1450 ignorantiam

545 1465 662 1536 aliquam
680 1467 801 1537 allegare
819 1468 862 1536 (2)

583 1605 641 1674 368.
660 1606 702 1673 (3)
721 1605 789 1658 ltem
807 1617 934 1660 statutum
958 1618 996 1659 est
1014 1619 1041 1660 et
1058 1607 1210 1660 ordinatum
1228 1607 1300 1677 quod
1318 1606 1406 1677 aliqua
1424 1622 1548 1676 petssona
1560 1606 1594 1660 de
1605 1605 1712 1677 bugella

546 1693 589 1746 uel
607 1692 714 1746 aliunde
732 1710 787 1745 non
807 1694 889 1763 possit
906 1711 955 1746 nec
973 1695 997 1747 ei
1017 1694 1119 1748 licitum
1137 1695 1171 1748 sit
1189 1695 1281 1764 piscari
1300 1694 1344 1747 uel
1362 1694 1474 1764 piscban
1493 1693 1577 1748 facere
1595 1695 1623 1746 in
1636 1693 1712 1765 aquis

545 1781 666 1850 territorij
687 1793 714 1834 et
731 1783 853 1834 comunis
872 1782 977 1852 bugelle
995 1801 1010 1836 a
1029 1782 1095 1836 festo
1114 1783 1454 1852 pascatisRessurrectionis
1467 1783 1570 1835 domini
1583 1782 1710 1852 usquead

545 1869 746 1938 camispriuium
765 1869 798 1922 ad
817 1870 927 1939 aliquod
945 1870 1085 1940 ingenium
1104 1871 1155 1923 nisi
1174 1871 1207 1923 ad
1226 1871 1330 1939 uirgam
1342 1882 1368 1923 et
1379 1870 1480 1940 lignam
1491 1869 1571 1940 etqui
1584 1868 1711 1923 contrafe-

544 1958 608 2009 cerit
625 1957 712 2010 soluat
730 1973 777 2026 pro
796 1958 918 2026 quolibet
936 1970 963 2011 et
981 1959 1099 2028 qualibet
1116 1959 1173 2010 vice
1191 1957 1240 2011 sol.
1259 1958 1317 2010 XX.
1336 1975 1379 2028 pp.
1398 1969 1424 2010 et
1442 1957 1554 2028 quilibet
1572 1958 1653 2026 possit
1671 1973 1711 2010 ac·

544 2061 647 2096 cussare
665 2055 692 2096 et
709 2045 869 2098 denunciare
887 2057 913 2098 et
930 2045 1026 2098 babeat
1053 2046 1161 2098 terciam
1191 2057 1291 2115 partem
1310 2046 1391 2098 banni
1418 2057 1445 2098 et
1462 2044 1585 2098 consules
1602 2056 1711 2098 teneant

544 2142 718 2184 accussatores
737 2133 852 2200 priuatos
870 2145 896 2184 et
914 2145 1053 2185 teneantur
1069 2133 1202 2202 inquirere
1219 2133 1241 2185 si
1259 2131 1337 2185 fuerit
1348 2133 1386 2185 eis
1397 2132 1588 2186 denunciatum
1601 2133 1708 2202 etquod

544 2218 666 2272 consules
684 2234 740 2271 non
758 2220 860 2288 possint
879 2221 912 2272 de
929 2219 983 2290 hijs
1000 2221 1063 2274 dare
1080 2220 1219 2274 licenciam
1237 2220 1324 2274 alicui.

582 2360 639 2432 369.
658 2362 725 2416 Item
744 2373 872 2414 statutum
890 2373 916 2414 et
934 2361 1086 2414 ordinatum
1105 2373 1143 2415 est
1161 2361 1233 2432 quod
1252 2378 1308 2414 non
1326 2360 1372 2416 fiat
1389 2379 1435 2415 rex
1453 2379 1502 2414 nec
1514 2361 1602 2432 aliqua
1614 2362 1708 2415 coadu-

544 2451 617 2502 natio
636 2451 757 2519 gentium
776 2450 942 2502 munitorum
961 2466 1038 2502 causa
1056 2451 1207 2503 excutiendi
1226 2450 1269 2502 uel
1288 2450 1411 2520 exigendi
1421 2450 1708 2521 aliquidasponsabus

543 2555 595 2608 que
613 2538 745 2590 ducuntur
762 2538 796 2591 de
814 2537 893 2608 plano
912 2538 940 2590 in
959 2537 1074 2607 placium
1094 2537 1136 2590 uel
1155 2549 1303 2591 vernarum.
1323 2537 1418 2591 uelde
1436 2538 1521 2608 placio
1549 2538 1577 2590 in
1597 2538 1706 2608 planum
1726 2592 1730 2598 ,

543 2641 589 2678 seu
608 2639 755 2680 vernetum.
774 2643 821 2679 seu
839 2626 872 2679 de
890 2639 999 2679 vernato
1018 2626 1046 2678 in
1065 2625 1180 2696 placium
1199 2625 1242 2678 uel
1260 2625 1289 2678 in
1308 2625 1426 2696 planum.
1446 2643 1495 2680 nec
1513 2627 1581 2696 ipsas
1599 2642 1708 2696 sponsas

543 2714 660 2766 detinere
679 2713 722 2766 uel
741 2715 869 2784 impedire
897 2727 924 2766 et
951 2715 996 2784 qui
1015 2713 1196 2767 contrafecerit
1223 2713 1309 2767 soluat
1336 2731 1384 2784 pro
1402 2715 1521 2784 quolibet
1548 2725 1574 2766 et
1591 2713 1709 2784 qualibet

543 2801 609 2854 uice.
628 2802 677 2854 sol.
695 2801 728 2854 X.
748 2820 790 2872 pp.
809 2815 835 2854 et
853 2801 975 2855 consules
993 2813 1132 2854 teneantur
1149 2802 1281 2872 inquirere
1294 2801 1315 2855 si
1328 2801 1406 2856 fuerit
1424 2803 1462 2856 eis
1475 2802 1669 2856 denuntiatum
1682 2813 1708 2855 et

543 2888 610 2941 ultra
629 2889 681 2941 hoc
699 2902 838 2942 teneantur
855 2889 977 2942 consules
995 2906 1120 2959 sponsam
1139 2902 1165 2943 et
1183 2907 1291 2960 sponsas
1319 2891 1458 2961 impeditas
1487 2889 1571 2943 facere
1589 2889 1707 2942 relaxari.

543 2976 692 3029 dummodo
710 2976 756 3029 fiat
774 2977 845 3030 idem
864 2994 909 3048 per
927 2977 988 3030 illos
1006 2977 1039 3030 de
1057 2990 1173 3031 vemato.
1193 2977 1278 3031 Aliter
1304 2979 1338 3032 ad
1364 2977 1435 3048 imos
1462 2978 1496 3031 de
1523 2989 1632 3032 vemato
1651 2993 1707 3032 non

543 3064 700 3118 extendatur
717 3077 852 3120 statutum

579 3222 636 3276 370.
656 3208 698 3278 (4)
716 3207 784 3261 Item
802 3219 929 3261 statutum
949 3207 1077 3278 estquod
1095 3207 1211 3279 quelibet
1230 3225 1341 3280 persona
1354 3227 1406 3282 que
1418 3227 1490 3264 nunc
1503 3209 1582 3264 habet
1594 3224 1620 3265 et
1632 3224 1705 3267 tenet

542 3307 568 3348 et
586 3297 619 3349 de
637 3308 724 3349 cetero
742 3296 863 3349 habuerit
881 3309 907 3349 et
925 3297 1039 3350 tenuerit
1056 3297 1176 3350 canalem
1194 3315 1272 3368 super
1290 3297 1417 3352 fuscatum
1445 3317 1491 3352 seu
1520 3299 1616 3354 fossata
1634 3300 1705 3372 plani

541 3384 654 3454 bugelle.
673 3386 785 3438 debeant
802 3398 892 3438 tenere
909 3385 938 3437 in
950 3385 1040 3436 medio
1053 3385 1150 3438 canalis
1163 3387 1288 3439 continue
1301 3400 1327 3439 et
1339 3400 1512 3440 manutenere
1524 3389 1622 3442 bonam
1638 3389 1706 3442 clau-

540 3488 628 3526 suram
647 3473 680 3526 de
698 3489 767 3543 sepe.
785 3474 842 3526 siue
860 3473 1026 3542 palencatum
1045 3473 1207 3543 inspinatum
1226 3474 1312 3527 taliter
1330 3477 1401 3544 quod
1420 3477 1509 3529 nullus
1528 3477 1610 3547 possit
1628 3489 1703 3530 tran-

540 3562 598 3615 sire.
617 3563 656 3614 ire
674 3579 723 3614 nec
742 3562 833 3614 redire.
852 3578 898 3630 per
915 3561 984 3630 ipsas
1011 3561 1121 3614 canales.
1149 3563 1182 3614 Et
1200 3563 1246 3633 qui
1265 3562 1446 3616 contrafecerit
1473 3564 1559 3618 soluat
1584 3566 1704 3618 bannum

540 3666 588 3719 pro
606 3650 725 3720 quolibet
742 3662 769 3702 et
792 3650 908 3720 qualibet
926 3649 1081 3702 ebdomada.
1099 3649 1148 3702 sol.
1171 3650 1203 3702 V.
1223 3667 1264 3720 pp.
1284 3651 1317 3704 Et
1329 3651 1416 3704 simile
1429 3653 1547 3705 bannum
1559 3653 1645 3706 soluat
1657 3653 1704 3724 qui

540 3739 653 3791 tenuerit
670 3739 789 3791 hostium
808 3736 850 3790 uel
869 3737 1015 3807 sappellum
1033 3739 1061 3789 in
1080 3737 1155 3790 dictis
1185 3738 1354 3807 palenchatis.
1373 3739 1406 3793 Et
1424 3739 1546 3793 consules
1564 3752 1703 3794 teneantur

539 3825 672 3896 inquirere
689 3827 711 3879 si
730 3826 768 3878 eis
786 3825 971 3878 denuntiatum
990 3824 1075 3878 fuerit
1095 3837 1120 3879 et
1138 3837 1228 3878 tenere
1246 3826 1443 3880 denuntiatores
1461 3827 1585 3897 priuatos.

567 4071 596 4124 (1)
606 4070 665 4126 Juxta
680 4085 724 4126 cap.
739 4071 778 4113 boc
793 4071 890 4127 scriptum
905 4081 948 4116 esti
962 4069 1110 4114 ncccxvm.

566 4144 593 4195 (ι)
611 4145 637 4194 (2)
653 4143 718 4183 Verba
732 4155 803 4198 postea
818 4145 903 4196 adjecta.

567 4215 595 4266 (ι)
608 4215 666 4267 Juxta
681 4228 724 4266 cap.
740 4215 779 4255 hoc
794 4218 947 4269 scriptumest:
963 4215 1037 4257 Pendet.

566 4287 592 4338 (4)
605 4284 664 4339 Juxta
678 4288 775 4340 scriptum
789 4297 832 4326 est:
851 4283 917 4326 Vacat.
