3918 5554
530 519 582 574 232

528 643 572 698 43.
591 627 634 697 (1)
652 643 729 698 1429,
748 643 783 696 30
802 627 941 684 decembris.

634 716 772 788 Aprotasio
785 716 971 788 praedictorum
977 723 1128 770 statutorum
1133 716 1205 788 sacta
1210 726 1256 788 per
1263 723 1415 788 potestaten,
1425 717 1576 781 clasarium,
1586 717 1696 770 consules

598 811 620 858 et
637 805 756 876 sapientes
772 806 885 859 comunis
903 805 1027 876 Bugellae.
1046 805 1089 872 (V.
1110 804 1172 868 262,
1193 805 1254 873 265,
1269 805 1305 874 1).

528 979 570 1030 44.
590 964 666 1034 1496,
687 965 846 1034 ajanuarii.

636 1053 738 1106 Notarii
754 1055 885 1106 servientes
903 1055 931 1106 iu
949 1054 1027 1123 officio
1045 1054 1184 1107 scritamiae
1198 1054 1325 1124 potestatis
1342 1061 1363 1106 et
1375 1055 1468 1106 sicorii
1481 1059 1594 1106 terrentur
1602 1054 1695 1106 solvere

592 1142 653 1212 flor.
672 1157 752 1194 uuum
770 1141 866 1194 mediol.
881 1151 930 1212 pro
947 1141 1049 1208 singulo
1067 1141 1100 1194 ad
1128 1158 1228 1194 saeuam
1259 1159 1385 1194 cereorum
1409 1141 1552 1209 fiendarum
1581 1142 1607 1193 ir
1629 1141 1694 1210 sesto

597 1231 739 1282 nativitatis
756 1229 863 1294 donsissi,
881 1236 903 1283 ιι
922 1231 1012 1284 torsias
1028 1229 1146 1300 offerendo
1164 1230 1269 1300 infesto
1283 1228 1470 1300 purificationis
1489 1231 1570 1282 deame
1595 1229 1694 1282 Mariae

602 1319 726 1388 Virginis.

526 1492 665 1547 45·1554‚
684 1494 716 1531 ιι
740 1477 879 1532 tembro-

631 1566 755 1620 Admissis
773 1566 838 1620 initi
856 1567 992 1619 uaruiuatis
1011 1567 1039 1619 im
1056 1565 1168 1636 collegio,
1187 1566 1318 1620 statuitur:

596 1671 617 1706 1.
637 1653 736 1706 mullum
753 1653 782 1706 de
799 1654 900 1723 collegio
915 1664 984 1725 posse
1002 1655 1110 1725 aliquem
1128 1655 1265 1724 subrogare
1284 1653 1334 1706 loco
1352 1654 1401 1704 sui.

597 1758 620 1794 a.
639 1742 736 1812 aliquos
754 1741 859 1795 ulterius
877 1759 927 1796 reoss
945 1742 1098 1796 adruusuros
1106 1759 1230 1814 usquequo
1239 1758 1358 1795 uumerus
1368 1741 1545 1810 inscriptorum
1558 1739 1691 1792 reducatur

630 1829 663 1882 ad
680 1831 893 1900 vigintiquinque.

595 1933 620 1986 3.
640 1916 739 1970 mullum
756 1917 856 1970 adneitti
869 1927 948 1989 posse,
968 1919 1019 1972 uisi
1036 1918 1065 1971 de
1082 1935 1200 1972 coesserssu
1218 1919 1333 1971 amnium
1350 1917 1379 1968 de
1402 1916 1513 1986 collegio.

594 2021 620 2072 φ
638 2022 721 2060 omues
738 2006 852 2060 iuteresse
868 2006 951 2060 delen
968 2006 1001 2060 ad
1018 2007 1184 2060 decorandum
1201 2007 1322 2060 cadavera
1341 2006 1471 2058 bomsiuum
1495 2005 1524 2056 de
1550 2004 1651 2074 collegio
1669 2011 1691 2056 et

628 2094 661 2146 ad
675 2095 839 2165 processimus
852 2096 930 2162 justa
948 2095 1058 2148 solitum.

524 2253 568 2318 46.
588 2252 664 2320 1556,
684 2269 700 2322 3
719 2251 868 2306 nouerubris.

629 2340 835 2397 Factaeleetiorse
852 2341 982 2394 romulum
1000 2347 1022 2394 ιι
1039 2343 1135 2395 notarii
1152 2343 1217 2395 amsi
1230 2343 1354 2414 proximi,
1373 2342 1494 2393 statuitur
1511 2339 1640 2411 quemlibet
1658 2339 1688 2392 de

592 2429 694 2497 collegio
707 2437 778 2500 passe
794 2429 875 2482 alium
893 2430 1033 2494 nominare,
1052 2447 1108 2483 sum
1128 2447 1247 2484 numerus
1268 2431 1296 2482 de
1326 2429 1428 2500 collegio
1454 2428 1569 2482 reductus
1598 2431 1631 2482 sit
1657 2427 1690 2480 ad

593 2518 767 2573 ιιειιιιιιουιηι.

527 2693 571 2748 47.
589 2676 667 2746 1556,
686 2676 702 2731 6
720 2675 859 2732 ‹lecerrsleris¹

629 2765 705 2819 laeta
723 2783 789 2818 noua
807 2765 919 2819 electione
930 2773 952 2820 ιι
970 2765 1127 2830 admissione,
1147 2767 1268 2818 statuitur
1287 2765 1415 2829 admissos,
1435 2766 1481 2836 qui
1498 2782 1548 2818 mou
1570 2766 1622 2818 siut
1634 2763 1690 2838 filii

591 2853 720 2908 homiuum
737 2853 766 2907 de
783 2854 893 2924 collegio,
912 2855 1005 2907 solvere
1022 2853 1104 2908 delere
1122 2853 1200 2907 libras
1218 2872 1305 2907 novem
1324 2871 1391 2907 cerae
1410 2871 1497 2918 novoe,
1516 2860 1538 2906 ιι
1556 2859 1688 2923 autequam

515 2937 525 2952 ⁵
591 2944 689 2997 noviter
707 2941 774 2996 electi
802 2941 969 2996 adusittantur
998 2942 1031 2995 ad
1060 2943 1202 2996 seruitutem
1232 2943 1381 3006 seribauiae,
1412 2941 1537 3012 collegiati
1565 2940 1690 2994 absolvere

590 3031 699 3086 debuisse
716 3031 829 3086 ordinem
846 3047 932 3085 eorum
949 3032 1085 3085 servitutis.

522 3191 565 3258 48.
584 3192 662 3262 1560,
681 3208 712 3246 ιι
727 3191 855 3262 januarii.

627 3281 806 3335 Admittuutur
823 3281 885 3332 noui
903 3278 999 3332 notarii
1016 3278 1045 3330 in
1063 3276 1203 3347 collegium,
1223 3278 1268 3348 qui
1285 3285 1416 3347 autequam
1435 3277 1612 3348 intelligantur
1638 3277 1687 3331 ad-

592 3371 662 3424 missi
680 3376 809 3423 terseautur
825 3367 918 3421 solvere
935 3373 1014 3420 scutos
1031 3366 1236 3436 iigimsqmimque
1254 3366 1338 3418 italiae
1356 3371 1377 3418 ιι
1396 3365 1474 3418 libras
1485 3373 1537 3419 octo
1546 3382 1623 3428 serae,
1639 3375 1688 3437 pro

590 3458 697 3528 quolibet
715 3457 785 3528 iufra
803 3472 916 3508 mensem.

521 3631 565 3687 49.
583 3631 661 3686 1575,
682 3629 715 3670 eo
726 3615 865 3687 februarii.

626 3702 732 3757 Redeuta
750 3719 853 3757 numera
871 3701 1062 3772 collegiatorum
1081 3701 1115 3756 ad
1134 3701 1274 3765 decursocto,
1298 3702 1419 3755 statuitur
1447 3718 1513 3755 nova
1540 3701 1631 3756 ellectio
1659 3702 1687 3755 in

590 3791 730 3862 collegium.

523 3964 660 4021 5o.1575‚
681 3965 714 4019 25
726 3950 864 4021 februarii.

627 4038 670 4092 Fit
688 4055 754 4094 noea
771 4038 862 4094 elleetio
875 4041 953 4109 juxta
971 4045 1093 4094 statutum
1110 4038 1204 4112 dequo
1222 4047 1309 4112 supra,
1328 4045 1419 4092 statuto
1438 4037 1524 4092 ordisse
1548 4038 1648 4092 senisii
1666 4043 1687 4090 et

544 4249 575 4304 (ι)
589 4249 692 4292 statutam
705 4249 745 4292 hoe
759 4263 782 4292 us
796 4251 865 4292 amuis
879 4263 931 4304 qaue
945 4249 1097 4305 subsequuntur
1109 4259 1177 4292 eurem
1191 4249 1253 4291 situla
1267 4251 1288 4291 in
1302 4251 1380 4299 codice,
1402 4261 1441 4290 nos
1462 4249 1577 4301 adjicimus,
1592 4236 1686 4304 aimqui

520 4322 662 4378 uppusuinas.
