3926 5542
478 443 528 500 190

474 565 584 625 excepto
601 555 673 626 quod
691 554 714 608 si
731 553 844 609 offensio
863 553 936 608 fieret
953 554 1033 608 alicui
1051 555 1162 610 bannito
1180 573 1226 628 per
1242 555 1321 610 illum
1333 555 1450 610 uelillos
1467 557 1514 628 qui
1531 557 1561 612 in
1578 573 1642 628 pace

473 659 520 696 seu
538 643 650 714 treugba
668 659 758 698 secum
776 642 871 708 forent,
890 661 936 714 per
953 644 1069 698 iudicem
1088 643 1250 700 maleficium
1269 645 1395 715 puniatur
1414 661 1446 698 ac
1463 645 1486 698 si
1504 646 1533 698 in
1552 647 1641 698 banno

473 730 584 785 alinrius
602 731 724 802 maleficii
743 731 860 786 offensus
878 749 934 786 non
952 743 1028 786 esset
1047 732 1076 787 Si
1095 748 1160 786 uero
1178 733 1238 804 quis
1256 732 1335 786 fuerit
1354 733 1480 788 bannitus
1499 733 1533 786 de
1554 733 1641 786 male·

474 817 535 872 ficio
554 837 586 872 ea
604 837 658 891 quo
676 837 743 892 pena
761 819 898 891 sanguinis
915 835 972 873 non
991 820 1127 891 ingeratur
1145 821 1228 891 possit
1246 821 1274 875 in
1294 821 1371 874 rebus
1389 833 1494 874 tantum
1507 822 1599 886 modo,
1608 821 1643 874 Et

474 923 529 960 non
549 907 576 962 in
596 925 706 980 persona
724 909 835 979 impune
852 907 961 962 offendi.
980 909 1014 962 Et
1032 908 1147 979 predicta
1165 909 1256 963 locunt
1274 925 1331 964 non
1359 909 1474 964 habeant
1501 910 1529 964 in
1549 909 1641 964 banito

474 993 507 1048 de
526 997 656 1051 maleficio
675 1009 780 1068 propter
798 997 1004 1051 fideiussionem.

475 1158 526 1225 52.
550 1139 599 1204 De
622 1135 856 1205 remunerando
880 1138 1107 1226 consignantes
1129 1136 1350 1204 malefactores
1373 1155 1406 1204 et
1427 1138 1588 1206 bannitos.

509 1243 577 1298 Item
595 1246 628 1298 ad
646 1244 698 1297 hoc
716 1256 746 1297 ut
763 1243 942 1314 unusquisque
960 1243 993 1296 sit
1011 1243 1142 1296 fermitior
1159 1255 1185 1297 et
1203 1245 1366 1312 pronciorin
1376 1245 1532 1315 pmcttsione
1550 1245 1642 1298 banni·

474 1344 571 1386 torum
590 1333 723 1387 statutum
743 1343 781 1385 eat
799 1332 871 1402 quod
890 1331 1001 1403 quilibet
1019 1332 1064 1402 qui
1078 1331 1275 1402 consignauerit
1289 1333 1318 1384 in
1330 1330 1441 1386 forciam
1455 1331 1560 1386 domini
1572 1345 1644 1403 pote·

474 1421 555 1485 statis,
574 1419 700 1492 Aliquem
719 1417 858 1472 bannitum
877 1420 910 1473 de
929 1418 1060 1472 maleficio
1079 1437 1111 1472 ex
1130 1435 1184 1490 quo
1199 1419 1294 1473 vltimo
1307 1420 1400 1474 mortis
1413 1419 1542 1492 supplicio
1553 1421 1643 1474 uerriat

475 1509 625 1580 puniendus
642 1508 738 1561 babeat
756 1507 789 1560 de
807 1523 886 1560 auere
903 1506 946 1577 (1)
965 1507 1088 1560 comunis
1106 1506 1216 1578 Bugelle
1234 1507 1314 1560 libras
1331 1519 1449 1562 centum
1464 1508 1540 1572 Quas
1559 1507 1643 1562 claua·

475 1595 529 1650 rius
547 1595 670 1649 comunis
688 1595 798 1665 Bugelle
816 1595 878 1648 dare
895 1607 922 1648 et
939 1595 1043 1648 soluere
1061 1607 1181 1648 teneatur
1208 1595 1296 1650 eidem
1314 1595 1351 1648 sic
1379 1596 1548 1667 consignanti
1574 1595 1643 1650 inira

475 1685 568 1737 decern
586 1684 642 1738 dies
659 1682 781 1753 proxime
798 1696 923 1736 venmros
941 1695 1000 1752 post
1019 1683 1250 1752 consignationem
1269 1681 1365 1736 iactam
1383 1683 1417 1736 de
1441 1683 1513 1738 dicto
1532 1684 1643 1738 bannito

476 1770 576 1844 prelato
594 1771 706 1825 domino
724 1771 854 1842 potestati.
865 1771 894 1826 Si
903 1787 968 1824 uero
980 1771 1177 1842 consignauerit
1187 1771 1270 1824 alium
1280 1771 1421 1826 bannitum
1430 1773 1477 1844 qui
1486 1787 1542 1826 non
1552 1772 1643 1826 ueniat

476 1861 509 1914 ad
528 1871 643 1914 mortem
661 1861 898 1930 condampnnndus
916 1859 1011 1912 habeat
1030 1860 1063 1911 de
1081 1875 1159 1912 auere
1177 1858 1220 1930 (1)
1238 1859 1301 1912 dicti
1320 1859 1453 1924 comunis,
1471 1861 1580 1914 arbitrio
1598 1861 1644 1914 do·

477 1949 544 2002 mini
563 1949 707 2020 potestatis,
725 1948 833 2002 clauarii
851 1959 878 2001 et
895 1947 1036 2001 consulum
1056 1963 1138 2017 usquc
1157 1947 1189 1999 ad
1208 1947 1383 2019 quantitatem
1403 1947 1530 2002 librarum
1538 1949 1644 2020 viginti-

476 2037 593 2109 quinque
611 2037 730 2107 lnspecta
748 2037 873 2108 qualitate
892 2037 972 2089 banni
991 2037 1024 2090 Et
1042 2037 1125 2106 possit
1142 2053 1258 2090 comune
1277 2047 1368 2107 postea
1385 2037 1468 2090 dictas
1486 2053 1641 2090 remunera-

475 2127 562 2180 tiones
580 2137 699 2196 reputare
717 2125 745 2178 in
764 2125 841 2178 bonis
860 2125 993 2178 dictorum
1021 2125 1193 2178 bannitorum
1220 2126 1369 2179 dummodo
1388 2125 1485 2179 luerint
1503 2124 1641 2179 soluendo.

478 2268 530 2335 53.
553 2248 603 2315 De
626 2269 708 2334 pena
730 2248 907 2334 rumpentis
932 2267 1083 2314 carceres.

511 2354 579 2406 item
597 2364 725 2406 statutum
744 2339 791 2415 est,
809 2352 881 2422 quod
899 2352 921 2404 si
940 2352 999 2422 quis
1017 2351 1095 2405 fuerit
1113 2369 1161 2424 pro
1179 2353 1269 2424 aliquo
1287 2353 1384 2408 delicto
1402 2369 1449 2408 seu
1468 2351 1596 2408 malefitio
1614 2354 1642 2406 in

477 2441 622 2494 carceribus
640 2440 751 2510 publicis
769 2440 802 2492 de
821 2441 947 2492 mandato
966 2439 1069 2492 domini
1089 2440 1233 2509 potestatis,
1252 2441 1368 2512 Clauarij
1388 2453 1414 2494 et
1433 2439 1573 2495 consulum
1592 2442 1642 2495 de-

476 2540 565 2582 tentus
583 2539 609 2581 et
627 2529 698 2597 ipsos
716 2543 831 2580 carceres
857 2527 989 2598 effregerit
1017 2527 1109 2598 fugam
1137 2528 1258 2582 faciendo
1277 2528 1320 2582 uel
1347 2529 1424 2582 aliter
1440 2529 1554 2599 deipsis
1571 2527 1642 2582 effu-

476 2617 566 2686 gando
584 2615 711 2669 habeatur
729 2631 776 2684 pro
794 2614 916 2668 confesso
935 2617 969 2668 de
987 2615 1085 2669 delicto
1104 2616 1148 2668 uel
1166 2616 1298 2670 maleficio
1316 2633 1437 2687 proquo
1455 2627 1510 2670 erat
1522 2617 1644 2670 decennis

477 2704 564 2756 Etiam
584 2703 663 2756 uullis
681 2703 776 2755 habitis
795 2715 887 2756 contra
905 2719 968 2756 eum
987 2704 1047 2772 alijs
1067 2705 1266 2773 probationibus
1284 2705 1318 2757 Et
1348 2705 1463 2774 predicta
1481 2703 1571 2758 locum
1589 2704 1641 2758 ha-

478 2793 556 2844 beant
574 2792 595 2844 si
614 2791 740 2843 delictum
758 2803 813 2842 erat
832 2791 885 2843 tale
904 2809 936 2843 ex
955 2807 1009 2862 quo
1028 2793 1131 2845 ueniret
1149 2791 1319 2861 corporaliter
1345 2791 1503 2861 puniendus
1530 2791 1560 2844 st
1578 2808 1643 2845 uero

477 2899 510 2933 es
528 2879 624 2932 delicto
643 2895 675 2932 ex
693 2895 747 2948 quo
766 2879 869 2932 ueniret
896 2879 1085 2948 peccuniariter
1110 2878 1347 2949 condempnandos
1374 2879 1498 2948 puniatur
1523 2877 1643 2932 inlibris

477 2967 691 3037 vigintiquinque
709 2966 875 3038 papiensium
894 2966 961 3019 vitra
979 2983 1076 3037 penam
1094 2967 1143 3020 sibi
1162 2967 1354 3037 imponendam
1367 2966 1642 3036 prodclictoproquo

477 3067 533 3108 erat
550 3055 672 3108 detentus
689 3065 716 3107 et
733 3055 799 3108 vltra
818 3055 870 3107 hoc
888 3054 1015 3108 habeatur
1033 3071 1081 3125 pro
1099 3053 1220 3108 confesso
1238 3065 1268 3106 ut
1285 3070 1371 3124 supra.

479 3216 530 3283 54.
553 3198 602 3265 De
626 3197 839 3284 mittigatione
862 3217 1016 3283 penarum
1040 3212 1197 3262 certarum
1220 3215 1442 3283 personarum.

514 3304 580 3357 ltern
598 3317 725 3358 statumm
744 3303 872 3372 estquod
891 3302 913 3354 si
931 3319 984 3372 que
1001 3301 1057 3354 rixe
1074 3302 1236 3372 appiglantie
1254 3300 1297 3354 uel
1315 3317 1435 3355 tumores
1461 3300 1529 3355 lacte
1546 3301 1643 3356 luerint

478 3409 540 3446 cum
558 3392 756 3462 percusionibus
774 3403 800 3443 et
819 3391 881 3442 inde
899 3390 1006 3460 sanguis
1024 3389 1144 3453 caluerit,
1161 3391 1231 3442 inter
1248 3389 1335 3442 virum
1353 3401 1380 3442 et
1403 3405 1523 3454 uxorem,
1542 3403 1642 3461 patrem

478 3493 504 3533 et
522 3480 608 3533 filium
627 3479 670 3532 uel
689 3478 779 3532 fratres
797 3491 842 3530 aut
860 3477 1080 3547 consanguineos,
1099 3478 1143 3530 uel
1161 3478 1231 3532 inter
1248 3478 1391 3531 dominum
1410 3489 1436 3531 et
1447 3476 1578 3532 famulum
1596 3495 1642 3532 seu

479 3569 620 3622 familiares
638 3585 700 3622 suos
718 3568 774 3620 siue
793 3567 862 3618 inter
879 3568 1036 3636 magistrum
1055 3579 1081 3618 et
1099 3566 1258 3636 discipulum
1268 3565 1310 3619 uel
1324 3565 1405 3619 etiam
1417 3567 1575 3638 sanguinem
1586 3583 1643 3620 non

479 3657 583 3710 exiente
601 3657 713 3708 modum
731 3667 821 3708 tamen
840 3653 926 3706 debite
944 3654 1115 3706 correctionis
1134 3655 1294 3718 excedendo,
1314 3654 1399 3716 Quod
1417 3665 1481 3707 tunc
1492 3665 1520 3708 et
1531 3671 1565 3708 eo
1581 3671 1643 3708 orsu

479 3744 524 3797 fiat
541 3745 575 3797 de
593 3742 688 3796 talibus
706 3743 913 3811 condampnatio
931 3743 1038 3794 arbitrio
1057 3743 1231 3794 dominorum
1251 3743 1386 3811 potestatis
1405 3741 1521 3812 Clauarij
1535 3753 1561 3796 et
1573 3741 1644 3796 Con-

478 3833 567 3886 sulum
586 3843 611 3884 et
630 3832 785 3900 Sapientiam
805 3829 913 3900 Bugelle
932 3846 1027 3899 penam
1046 3830 1214 3898 macipando,
1233 3830 1351 3898 inspecta
1369 3829 1495 3900 qualitate
1512 3829 1643 3895 delicti‚si

480 3937 544 3972 uero
562 3919 674 3972 modum
693 3919 780 3972 debite
798 3919 967 3972 correctionis
985 3935 1040 3972 non
1060 3918 1205 3980 excesserit,
1217 3931 1281 3970 tunc
1299 3919 1458 3981 nullatenus,
1468 3919 1531 3972 Non
1540 3919 1644 3972 obstan

450 3993 455 4000 ⁵
479 4007 549 4059 tibus
567 4006 698 4076 aliquibus
715 4007 818 4059 statutis
835 4007 954 4074 superius
972 4007 1000 4058 in
1019 4006 1181 4060 contrarium
1199 4007 1401 4075 disponentibus
1419 4007 1514 4076 quibus
1532 4023 1578 4078 pet
1590 4023 1645 4076 pre·

479 4110 540 4147 sens
557 4093 720 4162 intelligatur
738 4093 794 4146 sote
811 4111 844 4146 ex
862 4107 932 4146 certa
954 4093 1063 4146 scientia
1091 4093 1262 4163 derrogatum
1289 4105 1384 4163 exepto
1410 4105 1539 4148 stannum
1565 4110 1644 4164 super

509 4267 537 4318 (t)
551 4265 575 4306 ln
589 4266 631 4306 alio
645 4265 752 4319 exemplos
766 4279 801 4304 m.
