3958 5540
723 685 764 723 21.
784 670 832 723 DE
851 669 1125 725 PRODITORIBUS
1144 671 1157 740 (
1173 669 1196 738 ).
1216 701 1248 710 —
1268 669 1324 724 Fol.
1343 685 1439 724 οων.
1462 670 1506 724 VJ‘

562 843 708 896 Millesimo
728 843 928 899 Trecentesimo
946 844 1169 916 quinquagesimo
1188 857 1271 898 sexto.
1290 845 1428 900 indicione
1446 845 1529 916 VlIIJ.
1548 846 1592 902 die
1612 845 1693 900 XXV.

524 933 651 1003 Januarij.

565 1089 622 1143 15⁰·
641 1067 672 1127 in
690 1073 768 1145 plena
786 1073 931 1129 &edenda
949 1087 1109 1146 congregata
1127 1091 1204 1145 super
1222 1073 1323 1146 palacio
1342 1075 1465 1130 comunis
1484 1074 1551 1130 lacta
1569 1089 1596 1130 et
1614 1077 1690 1130 ordi-

526 1175 588 1216 nata
606 1162 712 1216 fueram
730 1161 892 1234 infrascripta
909 1176 1005 1218 statuta
1024 1165 1057 1217 de
1076 1163 1261 1233 proditoribus.
1282 1161 1285 1176 “

561 1251 629 1304 Item
648 1263 775 1304 statutum
794 1252 923 1322 estquod
941 1252 987 1322 qui
1006 1250 1057 1305 luit
1074 1251 1118 1304 uel
1137 1250 1215 1304 luerit
1235 1253 1356 1320 proditor
1373 1253 1477 1306 domini
1495 1253 1537 1306 sui
1567 1252 1609 1306 vel
1627 1263 1695 1306 terre

526 1339 636 1409 Bugelle
654 1338 697 1392 uel
716 1340 761 1410 qui
780 1340 813 1392 ad
831 1341 884 1392 hoc
902 1341 975 1393 daret
993 1340 1122 1394 auxilium
1141 1339 1283 1392 consilium
1304 1341 1347 1394 uel
1368 1341 1487 1394 latiorem
1506 1342 1528 1394 si
1540 1342 1644 1394 uenerit
1661 1343 1694 1394 ad

526 1445 621 1482 manus
639 1430 746 1482 rectoris
764 1428 922 1482 straxinetur
939 1447 985 1498 per
1003 1441 1087 1482 totam
1106 1441 1201 1482 terram
1221 1429 1254 1481 ad
1272 1430 1385 1482 caudam
1403 1429 1465 1500 equi
1484 1430 1517 1483 Et
1537 1443 1627 1500 postea
1645 1446 1694 1482 su-

525 1517 667 1586 spendatur
685 1515 771 1569 taliter
788 1517 859 1586 quod
879 1516 1015 1570 moriatur.
1034 1517 1067 1570 Et
1086 1517 1155 1569 bona
1174 1513 1237 1569 eiu!
1242 1517 1397 1586 perueniant
1411 1519 1439 1570 in
1452 1517 1562 1570 comuni
1580 1517 1692 1586 bugelle.

525 1605 558 1657 Et
576 1605 598 1656 si
617 1622 673 1657 non
691 1605 793 1657 venerit
809 1605 837 1655 in
856 1603 934 1657 lortia
952 1605 1070 1658 Rectoris
1089 1606 1230 1657 banniatur
1247 1606 1281 1658 de
1299 1605 1371 1657 libris
1390 1606 1465 1658 mille
1484 1619 1510 1658 et
1528 1606 1641 1659 devita.
1661 1605 1694 1658 Et

527 1694 597 1745 bona
615 1693 671 1745 eius
693 1693 848 1762 perueniant
867 1703 896 1746 ut
913 1709 998 1762 supra.
1018 1693 1051 1745 Et
1069 1693 1124 1762 ipse
1142 1695 1191 1745 ne“c
1209 1693 1266 1745 eius
1284 1694 1471 1746 descendentes
1484 1705 1610 1763 perpetuo
1627 1705 1695 1746 stare

526 1779 644 1832 habitare
662 1797 711 1832 nec
729 1780 820 1832 venire
836 1780 865 1832 in
885 1779 990 1850 bugella
1009 1781 1111 1849 possint
1128 1781 1173 1834 sed
1193 1792 1320 1850 perpetuo
1339 1782 1391 1834 sint
1409 1781 1508 1834 exclusi
1521 1782 1554 1834 ab
1567 1781 1692 1835 omnibus

525 1868 672 1920 honoribus
690 1879 716 1921 et
735 1867 891 1920 utilitatibus
909 1869 972 1920 dicti
991 1870 1121 1921 comunis.
1141 1869 1174 1920 Et
1192 1870 1224 1920 ad
1244 1882 1397 1938 perpetuam
1418 1869 1454 1921 rei
1475 1869 1634 1922 memoriam
1652 1870 1695 1922 de

526 1957 670 2025 pingantur
687 1974 764 2026 super
783 1957 912 2026 palacium
932 1957 995 2008 dicti
1014 1957 1136 2009 comunis
1155 1968 1180 2008 et
1199 1958 1295 2008 doinus
1313 1975 1360 2009 sua
1388 1958 1527 2010 dirruarur.
1556 1958 1596 2010 Ac
1615 1971 1694 2010 terras

526 2056 552 2097 et
570 2046 747 2114 possessiones
766 2045 859 2096 talium
879 2045 1045 2112 proditorum
1065 2062 1201 2096 remanere
1222 2045 1335 2096 debeant
1353 2059 1446 2114 guaste
1466 2058 1492 2098 et
1510 2045 1596 2098 zerbie
1614 2057 1640 2098 et
1657 2062 1695 2097 ar·

525 2135 601 2185 bores
619 2150 649 2184 ac
667 2134 733 2185 vites
751 2133 901 2184 incidantur
918 2145 944 2184 et
962 2133 1131 2201 extirpentur.
1151 2133 1193 2201 (2)
1212 2133 1244 2184 Et
1264 2134 1285 2184 si
1305 2146 1372 2186 esset
1391 2133 1460 2186 lilius
1479 2131 1593 2186 familias
1605 2134 1695 2202 perdat

525 2236 604 2272 suum
623 2220 756 2290 peculium
775 2232 801 2272 et
819 2232 903 2273 totam
922 2237 997 2272 suana
1011 2221 1127 2272 debitam
1140 2221 1294 2290 porcionem
1304 2221 1337 2273 de
1351 2221 1427 2273 bonis
1441 2222 1555 2290 paternis
1567 2234 1594 2274 et
1606 2238 1694 2291 pente

525 2307 601 2360 niant
619 2309 647 2361 in
666 2309 776 2360 comuni
795 2307 907 2377 bugelle.
927 2309 969 2376 (2)

564 2483 620 2534 151.
640 2468 706 2521 Item
725 2468 797 2537 quod
816 2467 931 2537 quelibet
959 2484 1070 2536 persona
1099 2467 1179 2536 possit
1198 2467 1357 2537 culpabilem
1386 2486 1431 2522 seu
1461 2468 1603 2538 culpabiles
1629 2470 1692 2523 dicti

525 2556 646 2626 maleficij
667 2558 827 2625 ubicumque
846 2557 946 2624 inpune
964 2573 1055 2624 capere
1074 2557 1219 2608 interficere
1238 2556 1379 2608 offendere.
1399 2557 1431 2610 Et
1450 2557 1585 2626 quicum,
1606 2557 1692 2626 ipsum

525 2644 567 2696 uel
587 2646 657 2713 ipsos
675 2646 772 2713 ceperit
791 2657 817 2696 et
836 2645 862 2695 in
883 2643 992 2712 forciam
1012 2644 1116 2696 domini
1135 2646 1270 2713 potesaatis
1288 2657 1314 2696 et
1333 2646 1456 2698 conrunis
1475 2645 1580 2714 bugelle
1598 2645 1689 2698 consi-

524 2732 646 2801 gnauerit
662 2734 755 2785 viuum
774 2749 820 2785 seu
839 2732 915 2784 viuos
933 2733 1028 2785 haben
1046 2732 1080 2784 de
1097 2733 1160 2785 here
1178 2733 1301 2786 comunis
1314 2733 1419 2802 bugelle
1433 2733 1548 2786 florenos
1562 2733 1617 2788 CC
1629 2735 1693 2786 boni

525 2822 580 2873 auri
599 2838 647 2890 pro
666 2820 783 2890 qualibet
811 2833 897 2889 capto,
925 2821 959 2873 Et
985 2820 1030 2888 qui
1059 2821 1146 2889 ipsum
1173 2821 1215 2874 uel
1244 2822 1314 2890 ipsos
1332 2821 1532 2892 consignauerit
1555 2834 1692 2876 mortuum

524 2908 620 2961 lrabeat
637 2909 671 2962 de
689 2909 752 2961 here
770 2908 893 2962 comunis
912 2907 1027 2961 florenos
1047 2908 1164 2960 Centum
1184 2909 1248 2960 boni
1267 2910 1332 2974 auri,
1351 2921 1380 2962 ut
1400 2927 1485 2978 supra.

563 3065 620 3119 152.
639 3050 708 3103 Item
725 3049 798 3120 quod
818 3049 934 3120 quelibet
952 3066 1064 3120 persona
1083 3067 1134 3120 que
1153 3051 1324 3120 receptauerit
1353 3050 1441 3120 ipsum
1460 3050 1503 3104 uel
1523 3051 1593 3120 ipsos
1612 3051 1645 3104 Et
1663 3050 1692 3104 in

523 3137 598 3192 cuius
617 3127 700 3192 domo
718 3139 856 3192 intrauerit
874 3139 907 3190 de
925 3135 1071 3191 cosciencia
1090 3137 1172 3207 ipsius
1191 3137 1234 3190 uel
1254 3137 1354 3191 familie
1373 3139 1416 3191 uel
1435 3139 1480 3209 qui
1500 3139 1602 3192 dederit
1620 3139 1692 3192 bibi-

523 3237 582 3280 tum
600 3226 641 3279 vel
660 3239 809 3280 comestum
827 3225 956 3278 auxilium
975 3225 1132 3278 conscilium
1151 3225 1194 3278 uel
1214 3224 1333 3278 fauorem
1352 3226 1438 3286 soluat
1451 3227 1560 3280 comuni
1573 3227 1692 3280 bannum

524 3332 571 3384 pro
590 3315 709 3385 quolibet
727 3327 753 3368 et
771 3314 887 3384 qualibet
906 3314 962 3366 vice
980 3314 1059 3366 libras
1078 3314 1204 3366 ducentas
1223 3313 1397 3383 papiensium.

562 3473 619 3526 153.
638 3456 705 3509 Item
725 3456 797 3526 quod
815 3455 861 3524 qui
881 3453 984 3506 locutus
1002 3452 1080 3506 luerit
1098 3469 1160 3504 cum
1173 3454 1230 3522 ipso
1247 3455 1288 3507 uel
1302 3454 1364 3525 ipsis
1377 3455 1423 3525 qui
1438 3453 1536 3506 fuerint
1548 3453 1692 3523 culpabiles

523 3547 556 3598 de
576 3545 697 3616 predictis
715 3545 772 3598 sine
791 3543 901 3596 licencia
929 3541 1033 3596 domini
1062 3541 1197 3610 potestatis
1225 3559 1303 3612 super
1330 3543 1462 3596 territorio
1482 3541 1588 3612 bugelle
1605 3541 1692 3594 soluat

523 3635 642 3686 bannum
661 3632 771 3685 comuni
789 3648 836 3701 pro
855 3630 974 3701 quolibet
992 3642 1018 3682 et
1036 3628 1152 3699 qualibet
1170 3630 1227 3682 vice
1246 3630 1371 3684 librarum
1391 3631 1422 3684 C.
1442 3630 1607 3700 papiensium
1625 3643 1651 3683 et
1669 3631 1691 3682 si

523 3722 626 3775 locutus
645 3721 724 3774 luerit
740 3737 802 3773 cum
821 3719 883 3790 ipsis
901 3731 973 3771 extra
991 3731 1087 3770 terram
1106 3717 1213 3786 bugelle
1231 3719 1318 3772 soluat
1336 3735 1384 3789 pro
1398 3718 1516 3789 quolibet
1529 3729 1555 3772 et
1573 3717 1691 3789 qualibet

524 3811 580 3864 vice
598 3810 677 3863 libras
695 3808 779 3862 XXV.
798 3807 974 3878 papiensium.

560 3966 617 4018 154.
636 3951 705 4004 Item
723 3949 794 4020 quod
813 3948 930 4020 quelibet
948 3964 1059 4018 persona
1077 3949 1110 4001 de
1129 3947 1234 4019 bugella
1255 3947 1297 4002 uel
1316 3949 1438 4002 habitans
1458 3949 1486 4000 in
1518 3947 1624 4019 bugella
1643 3947 1689 4019 qui

522 4039 609 4108 ipsum
629 4038 671 4090 uel
690 4039 761 4108 ipsos
779 4038 816 4090 sic
833 4036 976 4106 culpabiles
995 4037 1126 4090 inuenerit
1145 4053 1223 4106 super
1235 4037 1366 4090 territorio
1379 4035 1484 4107 bugelle
1502 4047 1623 4090 teneatur
1633 4035 1692 4090 Cla·

550 4268 580 4318 (ι)
594 4265 669 4306 Eadem
684 4266 785 4305 literarum
801 4266 873 4313 lomna,
888 4278 911 4305 ac
926 4279 977 4317 quae
992 4264 1073 4304 suerunt
1088 4266 1179 4316 adjectu
1199 4264 1315 4316 multaeque
1330 4267 1405 4317 passim
1420 4275 1528 4305 occurrunt
1543 4266 1689 4305 correctiones.

549 4341 576 4390 (ι)
591 4341 621 4390 (2)
633 4338 693 4392 Juxta
707 4338 755 4377 baec
771 4338 829 4376 verba
845 4338 947 4388 posterius
962 4338 1048 4387 adjecta,
1067 4335 1132 4382 l'atal,
1148 4337 1220 4374 deinde
1236 4339 1334 4389 scripturn
1349 4337 1395 4375 luit.
