4040 5540
530 480 565 534 28

567 602 625 668 148.
642 602 711 656 Item
728 613 857 656 statutum
874 613 915 656 est
939 603 1012 674 quod
1031 601 1076 673 qui
1104 601 1221 673 posuerit
1236 599 1282 656 uel
1300 601 1364 672 poui
1389 599 1480 654 fecerit
1496 599 1588 671 Ignem
1607 602 1635 655 iu
1654 617 1696 656 co-

529 690 606 744 muni
624 707 674 744 nec
691 691 720 744 iu
739 691 852 745 sortibus
869 691 956 745 soluat
973 693 1093 744 bannum
1111 707 1159 761 pro
1178 690 1297 762 quolibet
1315 701 1341 744 et
1359 687 1475 761 qualibet
1493 689 1551 778 uice
1569 689 1695 744 librarum

528 779 561 832 X.
581 795 623 848 pp.
642 790 669 832 et
687 779 812 833 ernendet
829 779 984 850 dampnum.
1003 779 1037 833 Et
1055 778 1176 834 consulet
1193 791 1334 834 teneantur
1351 779 1494 850 Inquirere.

566 934 624 989 149.
643 919 711 972 Item
729 931 856 972 statutum
875 931 914 974 est
932 920 1003 990 quod
1022 920 1068 991 qui
1086 919 1176 974 fecerit
1194 921 1303 974 boscuri.
1321 919 1428 974 Inseuri.
1448 917 1491 974 vei
1502 917 1571 976 duci.
1582 918 1627 974 uel
1639 934 1697 988 por·

528 1007 575 1060 turi
597 1008 707 1060 buscum
724 1023 740 1060 a
758 1008 868 1060 comuni
885 1023 932 1078 per
961 1008 1085 1062 homInet
1112 1008 1213 1079 tolegni
1232 1010 1265 1063 ab
1283 1025 1350 1080 aqua
1378 1007 1491 1078 Oreppe.
1511 1024 1614 1061 uerssus
1632 1005 1697 1061 tole·

528 1111 621 1165 guum.
640 1095 674 1149 Et
691 1111 738 1166 per
754 1095 879 1151 homiues
906 1095 1013 1167 poleoui
1032 1113 1047 1150 a
1064 1097 1181 1168 predicta
1206 1113 1275 1169 aqua
1301 1112 1403 1151 verutus
1430 1095 1584 1166 poieonum.
1603 1094 1696 1149 Soluat

528 1185 647 1237 bennum
665 1199 713 1254 pro
731 1182 850 1254 quolibet
867 1195 894 1238 et
912 1183 1028 1255 qualibet
1045 1185 1105 1240 tuce
1121 1183 1171 1239 eol.
1188 1183 1223 1240 V.
1240 1202 1284 1258 pp.
1303 1185 1346 1256 (r)
1365 1195 1391 1238 et
1409 1183 1455 1256 qui
1473 1183 1577 1238 duxerit
1594 1182 1695 1238 dictum

528 1271 659 1328 buschum
676 1271 764 1326 soluat
780 1273 869 1327 sImiIe
893 1273 1020 1326 bannum.

566 1427 623 1482 150.
641 1413 710 1468 Item
728 1425 856 1468 statutum
874 1427 913 1469 est
931 1415 1003 1486 quod
1033 1413 1128 1470 valuitu
1157 1426 1183 1469 et
1201 1414 1371 1469 serramondu
1401 1414 1454 1468 sint
1471 1430 1524 1467 vna
1554 1413 1651 1484 piurde
1669 1424 1697 1466 et

528 1517 611 1554 vnum
630 1517 753 1555 comune.
771 1502 805 1555 Et
823 1502 936 1556 debeant
953 1503 1102 1556 disbundari
1120 1502 1200 1557 simul
1218 1519 1266 1573 pro
1283 1517 1338 1556 vno
1356 1501 1474 1556 comuni.
1486 1501 1521 1554 Et
1537 1499 1591 1554 sint
1602 1501 1631 1553 iu
1648 1499 1696 1554 illo

529 1589 617 1642 banno
635 1589 664 1642 iu
682 1605 736 1660 quo
754 1601 816 1644 sunt
834 1589 885 1644 aliu
903 1591 1029 1644 comunia
1047 1607 1099 1662 que
1117 1603 1179 1645 suut
1198 1589 1265 1645 uiuu
1283 1605 1410 1661 oreppam
1429 1590 1480 1659 (2).

566 1764 624 1818 151.
642 1748 710 1802 Item
728 1761 855 1804 statutum
882 1762 922 1804 est
947 1727 1027 1822 quod¹
1047 1751 1136 1804 omnis
1163 1751 1249 1804 homo
1267 1749 1312 1821 qui
1340 1748 1402 1803 fucit
1419 1746 1554 1820 sequelam
1572 1747 1654 1818 possit
1670 1759 1697 1802 et

528 1837 622 1890 debent
639 1853 760 1892 accusare
777 1855 872 1892 omnes
890 1838 936 1910 qui
954 1837 1075 1893 Incident
1093 1850 1120 1892 et
1137 1837 1215 1892 faciet
1245 1837 1392 1909 dampnum
1410 1837 1442 1891 In
1472 1835 1582 1891 comuni
1600 1852 1649 1890 uec
1667 1835 1695 1890 iu

526 1925 647 1979 sortibus.
666 1937 692 1980 et
710 1925 805 1980 habeut
822 1927 931 1980 terciam
947 1937 1051 1998 purtem
1069 1926 1158 2015 banni.

565 2081 623 2135 ¹52·
641 2065 710 2120 Item
728 2079 856 2120 statutum
874 2079 914 2121 est
932 2068 1005 2138 quod
1022 2066 1112 2122 nuilus
1131 2067 1225 2122 debut
1242 2065 1365 2122 claudere
1382 2081 1528 2128 meamet:
1546 2064 1631 2120 fucere
1648 2065 1698 2120 Ru·

529 2165 614 2206 mutus
632 2153 665 2206 de
685 2154 765 2207 busco
783 2154 816 2208 de
826 2167 953 2208 castanea.
967 2171 1055 2226 neque
1067 2155 1100 2210 de
1112 2154 1219 2210 collore.
1233 2171 1320 2226 neque
1332 2155 1366 2210 de
1377 2153 1446 2210 alm
1459 2169 1546 2225 neque
1558 2154 1592 2208 de
1602 2152 1696 2208 beolu.

528 2243 615 2310 neque
633 2239 717 2294 eciam
735 2253 822 2311 grates
839 2241 872 2295 ad
891 2241 1068 2296 claudendum
1087 2243 1206 2312 pecudes.
1217 2258 1303 2312 neque
1321 2241 1354 2296 ad
1372 2241 1444 2296 aliud
1457 2257 1524 2313 opus
1536 2239 1695 2295 iaciendum.

528 2327 562 2381 Et
579 2328 625 2398 qui
643 2327 825 2382 contrafecerit
850 2329 937 2384 soluat
967 2331 1085 2386 bannum
1103 2346 1151 2402 pro
1180 2330 1298 2402 quolibet
1316 2343 1342 2385 et
1360 2329 1477 2402 quulibet
1495 2329 1553 2384 uice
1570 2328 1619 2384 soi
1638 2327 1696 2384 XX.

530 2432 571 2486 pp.
590 2426 617 2471 et
634 2417 760 2471 emendet
777 2418 933 2488 dampnum.

564 2589 622 2644 153.
640 2575 709 2632 Item
726 2588 854 2632 sertumm
872 2591 911 2632 est
929 2578 1004 2650 quod
1022 2579 1069 2650 qui
1087 2577 1165 2632 fuerit
1192 2535 1321 2632 iuuentus
1339 2577 1422 2632 'extra
1440 2589 1529 2648 portas
1555 2576 1633 2647 placi]
1653 2577 1697 2630 uel

529 2661 601 2732 pluui
619 2665 792 2734 pondereudo
812 2665 974 2736 [colligendo
991 2664 1035 2720 uei
1054 2666 1194 2737 portando]
1209 2667 1251 2736 (1)
1270 2667 1387 2736 aliquem
1405 2665 1495 2720 fuxum
1514 2665 1650 2735 IIguorum
1662 2666 1698 2718 vi-

527 2749 646 2806 ridorum
659 2769 714 2808 uec
732 2769 794 2806 eum
813 2753 902 2807 bestiis
933 2753 1020 2808 soluat
1038 2755 1157 2808 brunum
1188 2771 1235 2824 pro
1253 2753 1373 2826 quolibet
1391 2765 1417 2807 et
1435 2753 1552 2825 qualibet
1570 2753 1629 2806 uice
1647 2751 1697 2806 sol.

528 2837 587 2894 XX
606 2856 648 2910 pp.
667 2840 719 2896 ru'si
736 2840 845 2895 haberet
860 2853 960 2898 sortem
979 2843 1048 2896 vnde
1066 2853 1187 2913 portaret.
1207 2842 1240 2896 de
1258 2857 1310 2912 qua
1328 2841 1436 2895 haberet
1454 2841 1600 2895 licenciam.

566 2995 624 3048 154.
642 2980 711 3036 Item
729 2993 857 3036 statutum
875 2995 914 3037 est
933 2984 1005 3054 quod
1023 2961 1070 3055 qui
1088 2983 1229 3037 tuiliauerit
1247 2981 1291 3036 uel
1309 2982 1436 3054 Rupperit
1454 2999 1531 3053 super
1554 2982 1642 3053 aquua
1660 2998 1698 3036 ar·

528 3069 599 3122 bore.
618 3067 705 3126 soluat
717 3071 842 3125 bannum
860 3087 908 3142 pro
926 3071 1046 3143 quolibet
1064 3083 1091 3125 et
1109 3070 1226 3142 qualibet
1244 3071 1303 3124 uioe
1321 3071 1370 3126 sol.
1389 3070 1446 3125 XI'.
1467 3087 1509 3142 pp.
1528 3083 1555 3124 et
1572 3069 1698 3125 emendet

527 3156 687 3228 dampnum.

566 3335 623 3388 155.
642 3319 710 3374 Item
728 3331 856 3376 statutum
874 3319 1004 3390 estquod
1022 3319 1118 3391 uliquis
1136 3335 1192 3374 non
1211 3319 1304 3374 debent
1322 3319 1352 3372 In
1371 3319 1416 3374 die
1433 3319 1642 3374 disbandutionis
1656 3333 1699 3374 co·

528 3408 618 3462 munis
636 3408 707 3464 exire
725 3425 774 3463 nec
792 3409 831 3462 ire
847 3426 864 3462 a
881 3420 956 3479 portu
974 3409 1066 3479 Rippe
1086 3424 1135 3463 uec
1153 3425 1168 3464 u
1187 3419 1261 3478 porta
1279 3407 1391 3462 torracie
1408 3408 1535 3478 superius.
1559 3424 1698 3479 quousque

527 3513 645 3568 canpuu
664 3497 872 3552 disbaudutionis
898 3497 1050 3567 pulsabitur.
1069 3497 1104 3551 Et
1134 3497 1179 3567 qui
1198 3494 1380 3550 contrafecerit
1397 3495 1484 3550 soluat
1510 3496 1630 3551 bannum
1649 3513 1698 3567 pro

528 3585 647 3657 quolibet
665 3597 692 3640 et
709 3585 826 3657 qualibet
844 3585 902 3638 uice
919 3583 968 3640 sol.
987 3585 1045 3640 XX.
1065 3600 1107 3654 pp.
1126 3584 1287 3654 ubicumque
1305 3595 1380 3638 esset.
1394 3584 1437 3638 uel
1449 3584 1697 3654 reperireturapre·

529 3674 605 3727 dictis
623 3673 772 3728 confinibus
798 3673 924 3744 superius.
943 3673 977 3727 Et
1004 3671 1125 3726 consules
1143 3683 1283 3726 teneantur
1300 3671 1440 3742 inquirere.
1459 3683 1486 3726 et
1504 3670 1589 3725 fucere
1604 3671 1696 3742 Jurure

529 3775 624 3814 omnes
642 3778 688 3830 per
705 3777 772 3832 quos
791 3759 886 3814 meiius
916 3760 1011 3832 poterit
1039 3759 1135 3813 ueritus
1150 3759 1278 3829 Jnueniri.
1297 3759 1340 3828 (1)
1359 3770 1386 3812 et
1403 3759 1475 3830 quod
1494 3758 1583 3812 nullus
1602 3758 1695 3812 debeat

530 3848 602 3900 exire
618 3865 668 3902 uec
686 3849 724 3902 ire
742 3860 803 3902 unte
830 3849 927 3903 dictam
955 3864 1101 3919 mnpunum
1120 3847 1208 3918 aliqua
1226 3845 1270 3900 die
1288 3857 1391 3900 tantum
1423 3859 1552 3916 quantum
1572 3845 1697 3900 Comune

530 3935 630 3989 steterit
647 3935 839 3991 disbeudutuur.

557 4232 662 4287 (0012oe
676 4232 828 4288 tubuquuntur
840 4232 901 4275 verbu
914 4233 1016 4288 posterius
1030 4234 1109 4287 siim
1123 4245 1178 4276 sunt.
1214 4247 1219 4254 ·

558 4304 591 4358 (a)
605 4303 629 4345 lu
643 4303 690 4346 IIbrI
704 4305 794 4362 mrgIne
808 4304 927 4348 trinomium
936 4314 984 4346 ut:
1001 4303 1067 4346 Vaut.
