3926 5542
1387 527 1435 596 167

269 668 329 727 post
346 656 447 710 exitum
466 655 603 727 regimims
622 655 703 726 ipsius
721 655 856 728 potestatis
873 656 936 709 dare
954 655 1073 725 querelas
1085 670 1146 708 suas
1158 670 1204 706 seu
1217 653 1361 724 peticiones
1373 667 1435 704 con·

269 757 308 796 tra
327 745 397 814 ipsos
416 755 573 814 potestatem
601 745 717 813 judicem
744 743 858 797 militem
886 760 916 798 ac
943 741 1072 796 santiliam
1100 755 1126 796 et
1155 741 1301 795 clauariurn
1328 739 1438 794 illustris

271 832 395 901 principis
412 832 517 886 domini
535 831 618 886 nostri
636 831 761 886 sabaudie
779 832 901 886 &trtius
918 831 952 884 Et
969 831 1041 902 quod
1060 831 1139 900 judea
1158 830 1300 882 sindicatus
1318 839 1439 881 teneatur

270 930 296 971 et
314 919 407 972 debeat
426 919 493 972 inira
511 919 577 972 alios
595 933 657 972 octo
675 920 731 973 dies
750 921 870 988 proxime
888 931 1027 988 sequentes
1057 931 1115 988 post
1134 919 1204 986 ipsos
1231 929 1292 968 octo
1311 917 1367 968 dies
1386 915 1436 966 ab·

270 1006 380 1060 soluisse
398 1007 439 1060 vel
458 1007 666 1077 coudampnasse
695 1007 766 1076 ipsos
793 1019 949 1076 potestatem
977 1006 1093 1074 judicem
1121 1004 1234 1056 militem
1265 1015 1290 1056 et
1310 1001 1438 1054 familiam

271 1095 418 1148 aedictum
438 1093 592 1148 Clauarium
610 1107 637 1148 et
654 1095 800 1164 quemlibet
818 1095 937 1164 ipsorum
958 1110 1035 1163 super
1062 1093 1188 1146 omnibus
1217 1090 1391 1160 peticionibus
1410 1101 1436 1142 et

271 1182 384 1252 querelis
402 1181 475 1234 lactis
493 1195 519 1236 et
537 1181 662 1236 iaciendis
680 1193 771 1236 contra
790 1182 860 1250 ipsos
887 1193 1043 1250 potestatem
1073 1181 1188 1250 judicem
1220 1179 1333 1232 militem
1351 1189 1377 1230 et
1396 1176 1437 1230 sa-

272 1269 375 1322 miliam
393 1280 419 1323 et
437 1269 582 1324 clauariuin
600 1287 646 1323 seu
665 1269 777 1323 alterum
796 1269 923 1338 ipsomm.
942 1269 976 1322 Et
993 1267 1065 1338 quod
1078 1267 1127 1338 ipsi
1141 1279 1254 1336 potestas
1267 1265 1347 1334 judex
1361 1263 1438 1316 miles

273 1355 372 1409 familia
390 1368 416 1409 et
434 1358 562 1410 clauarius
581 1373 636 1412 non
656 1357 756 1427 possint
783 1358 903 1409 recedere
932 1356 965 1409 de
993 1357 1049 1425 ipso
1077 1355 1138 1407 loco
1165 1355 1250 1408 donec
1278 1353 1439 1422 integraliter

272 1443 442 1498 satisfecerint
461 1446 587 1498 omnibus
605 1445 723 1516 personis
741 1445 774 1498 de
792 1445 855 1514 ipsis
873 1460 919 1496 seu
938 1445 971 1496 de
989 1443 1072 1496 altero
1086 1443 1204 1512 ipsorum
1216 1441 1439 1511 conquerentibus

273 1531 419 1584 secundum
437 1534 579 1586 sententias
597 1532 661 1586 latas
679 1549 726 1585 seu
745 1531 912 1601 proferendas
930 1549 977 1602 per
994 1532 1081 1600 ipsum
1100 1531 1216 1599 judicem
1233 1529 1384 1582 sindicattrs
1403 1527 1437 1582 Et

274 1619 346 1688 quod
365 1618 510 1672 Credencia
528 1637 584 1672 non
603 1621 684 1690 possit
703 1620 773 1689 ipsos
791 1633 948 1688 potestatem
976 1619 1091 1688 judicem
1121 1617 1234 1670 militem
1262 1615 1391 1668 familiam
1409 1631 1440 1669 ac

275 1706 428 1759 Clauan'um
448 1707 585 1759 licenciare
603 1706 688 1759 donec
708 1705 870 1772 integraliter
887 1705 1015 1759 soluerint
1033 1717 1061 1758 vt
1079 1721 1164 1774 supra.
1184 1705 1217 1758 Et
1235 1704 1307 1773 quod
1327 1715 1440 1774 potestas

275 1793 355 1862 judea
373 1791 450 1846 tniles
468 1805 494 1846 et
513 1793 651 1846 Clanarius
668 1793 696 1846 in
716 1809 810 1846 eorum
829 1793 946 1846 aduentu
960 1793 987 1845 in
1000 1791 1181 1845 sacramentali
1196 1807 1288 1844 eorum
1303 1790 1440 1860 regiminis

279 1881 387 1949 predicti
406 1882 492 1949 jurare
510 1881 622 1934 debeant
640 1893 667 1934 et
685 1882 825 1933 obseruare
843 1881 891 1932 sub
910 1896 976 1950 pena
995 1879 1091 1950 periuri
1109 1891 1135 1932 et
1154 1877 1263 1931 iuiarnie
1293 1879 1313 1930 si
1332 1891 1440 1930 contra·

279 1967 387 2021 fecerint
405 1969 433 2020 in
452 1967 581 2040 predictis.
601 1967 766 2022 Remanente
784 1979 882 2022 statuto
901 1967 1017 2038 predicto
1041 1983 1096 2038 quo
1114 1967 1147 2020 ad
1165 1966 1216 2019 alia
1235 1967 1262 2020 in
1281 1967 1321 2020 sui
1341 1966 1442 2019 roboris

277 2054 408 2110 firmitate.

310 2227 335 2284 6.
355 2231 422 2285 Item
441 2229 594 2284 Statuenant
620 2241 647 2284 et
672 2231 862 2284 ordinauerunt
879 2230 951 2300 quod
979 2243 1092 2301 potestas
1110 2227 1213 2286 iuturus
1231 2243 1257 2285 et
1275 2229 1318 2302 aiij
1339 2229 1442 2285 venturi

276 2317 388 2372 debeant
406 2321 492 2390 jurare
511 2321 544 2373 de
562 2321 728 2373 obseruando
747 2319 851 2372 literana
868 2319 1013 2372 findimus
1030 2331 1057 2374 et
1075 2333 1169 2374 statuta
1188 2321 1310 2374 comunis
1337 2319 1443 2390 bugelle

276 2405 442 2476 disponentia
461 2407 494 2460 de
512 2407 687 2462 §indicatione
705 2419 731 2460 et
749 2419 834 2460 cetera
852 2405 903 2460 alia
921 2419 1045 2460 contenta
1074 2407 1102 2460 in
1130 2407 1311 2460 sacramentali
1339 2407 1442 2461 donrini

277 2494 410 2562 potestatis
428 2507 454 2548 et
473 2497 542 2564 juret
560 2495 593 2548 ad
611 2507 701 2548 sancta
719 2495 770 2548 Dei
789 2493 934 2564 Euangelia
955 2494 1009 2564 ipsa
1028 2495 1119 2548 omnia
1138 2512 1199 2548 cum
1219 2496 1330 2548 domino
1345 2495 1443 2548 vicario

276 2580 409 2635 colaterali
428 2595 454 2636 et
473 2595 527 2636 tota
547 2581 647 2635 familia
665 2595 691 2636 et
709 2583 781 2654 quod
800 2599 855 2636 non
876 2593 945 2652 petet
962 2581 1101 2634 licenciam
1120 2583 1169 2634 nisi
1184 2595 1314 2636 transacto
1327 2581 1442 2634 termino

276 2679 402 2720 contento
421 2667 448 2720 in
468 2667 538 2721 dicto
550 2681 648 2722 statuto
667 2669 809 2723 sindicatus
827 2681 853 2722 et
871 2669 943 2740 quod
962 2684 1017 2722 non
1037 2669 1143 2722 habebit
1162 2681 1281 2740 tempore
1300 2670 1443 2722 sindicatus

279 2755 330 2807 nisi
350 2771 432 2808 vnum
452 2767 655 2826 procuratorem

318 2943 342 2997 7.
362 2929 429 2984 ltem
448 2929 602 2986 Statuerunt
620 2943 647 2986 et
664 2931 855 2986 ordinauerunt
881 2934 953 3004 quod
980 2931 1084 2986 domini
1112 2945 1252 3002 potestates
1279 2931 1382 2986 uenturi
1401 2943 1443 2986 te-

279 3031 391 3070 neantur
409 3031 435 3070 ct
453 3019 566 3072 debeant
583 3021 669 3088 jurare
687 3021 736 3074 sub
754 3019 861 3074 vinculo
879 3021 1021 3089 juramenti
1034 3037 1128 3088 cogere
1142 3033 1168 3074 et
1180 3021 1339 3090 compellere
1351 3037 1445 3074 omnes

279 3116 306 3157 et
324 3104 444 3175 singulos
461 3107 599 3160 servitores
618 3107 698 3160 Curic
717 3108 834 3177 ipsorum
853 3109 1027 3160 dominorum
1054 3119 1212 3178 potestatum
1244 3109 1275 3160 ad
1304 3109 1444 3178 jurandum

281 3229 419 3244 ......
439 3194 481 3261 (1)
500 3195 571 3264 quod
591 3195 746 3264 exequcioni
766 3195 929 3247 mandabunt
947 3210 1042 3247 omnes
1060 3197 1206 3246 sentencias
1236 3212 1300 3265 quas
1327 3195 1375 3246 sibi
1395 3195 1444 3246 da·

281 3279 347 3332 bunt
366 3279 512 3348 singulares
532 3297 643 3350 persone
661 3281 704 3334 uel
723 3281 773 3334 alie
792 3279 859 3334 insta
880 3281 936 3335 XV.
964 3282 1020 3334 dies
1047 3282 1096 3334 sub
1124 3299 1191 3352 pena
1210 3283 1300 3335 decem
1321 3282 1445 3334 librarum

282 3367 431 3435 ....(r)
449 3367 577 3422 seruitore
595 3369 628 3422 Et
646 3368 762 3438 qualibet
781 3369 845 3422 vice.

317 3539 436 3594 Extracta
455 3555 517 3595 sunt
535 3581 541 3594 .
561 3581 568 3594 .
587 3581 594 3596 .
614 3581 621 3594 .
640 3543 683 3611 (1)
710 3555 805 3596 statuta
833 3543 976 3598 sindicatus
1003 3544 1035 3598 de
1063 3543 1131 3598 libro
1148 3555 1306 3598 statutorum
1325 3545 1447 3599 comunis

282 3627 387 3696 bugelle
405 3667 413 3682 .
432 3668 439 3682 .
458 3669 465 3682 .
484 3668 492 3682 .
511 3631 554 3699 (r)
573 3645 616 3683 me
636 3629 802 3684 ludovicum
821 3631 854 3684 de
873 3631 975 3684 Vilanis
993 3632 1026 3686 de
1044 3633 1115 3686 dicto
1134 3631 1194 3685 loco
1220 3671 1385 3686 .......
1404 3633 1448 3702 (ι)

280 3714 447 3770 contionata

308 4353 338 4406 (ι)
354 4351 421 4392 um
435 4363 540 4392 comae.
