3918 5554
554 483 605 552 278

551 604 770 694 Priuillcgium
793 605 1021 676 beccariorum.

592 749 621 800 ln
640 746 752 802 nomine
770 745 874 800 domini
892 763 980 799 amen.
999 747 1081 800 Anno
1099 747 1217 800 eiusdem
1236 747 1382 801 natiuitatis
1399 747 1552 802 Millesimo.
1580 749 1723 802 Trecente

550 841 620 894 simo
638 837 711 908 XIIJ.
730 835 876 890 Indicione.
895 835 940 905 XJ.
960 835 1011 888 die.
1031 835 1144 888 Octauo.
1164 838 1263 890 mensis
1281 837 1363 908 madii
1392 837 1422 890 ln
1450 836 1598 910 Episcopali
1617 836 1720 908 palacio

550 927 635 982 Castri
654 925 763 995 Bugelle
781 923 947 976 vercellensis
965 923 1077 976 diocesis
1094 939 1184 977 corant
1203 924 1312 978 testibus
1330 923 1442 978 domino
1460 923 1581 996 Palayno
1607 926 1641 979 de
1669 923 1721 978 Ca-

550 1033 652 1070 sanoua
670 1014 803 1084 preposito
822 1011 974 1064 vercellensi
994 1012 1106 1065 domino
1117 1013 1275 1066 Francisclro
1284 1013 1317 1066 da
1327 1011 1407 1066 varali
1420 1013 1570 1084 jurisperito
1591 1013 1720 1083 magistro

549 1103 690 1157 Ottobono
708 1103 742 1155 de
760 1101 870 1171 Bugella
890 1100 1006 1152 Henrico
1025 1099 1144 1154 Carraria
1163 1101 1283 1154 Antonio
1302 1101 1436 1154 Manucha
1463 1113 1490 1154 et
1514 1101 1632 1172 pluribus
1649 1101 1717 1170 alijs.

552 1193 711 1246 Conuocato
729 1201 755 1242 et
773 1200 936 1258 congregato
955 1187 1079 1258 Collegio
1099 1201 1126 1240 et
1138 1189 1464 1244 Consciliobeccariorum
1477 1189 1582 1265 bugelle
1594 1189 1718 1242 deman-

549 1281 611 1334 dato
630 1278 753 1332 Henrioti
772 1275 836 1330 selle
854 1287 880 1328 et
899 1275 1048 1328 Guillielmi
1066 1275 1180 1346 Begnoli
1201 1276 1353 1332 Consulum
1383 1276 1572 1330 Beccariorum
1602 1277 1719 1330 beccarie

549 1367 681 1421 Comunis
712 1363 821 1433 bugelle
850 1363 943 1434 Ibique
961 1363 1010 1433 ipsi
1030 1363 1162 1416 Consules
1191 1375 1218 1416 et
1246 1363 1400 1434 Collegium
1428 1364 1574 1418 Constituti
1603 1363 1717 1436 inpre-

548 1455 636 1508 sencia
655 1451 811 1507 venerabilis
830 1450 858 1504 in
877 1451 956 1504 cristo
975 1451 1055 1520 patris
1073 1451 1176 1505 domiui
1207 1451 1290 1505 uberti
1319 1451 1362 1506 dei
1392 1453 1476 1522 gratia
1501 1451 1625 1524 Episcopi
1655 1468 1717 1504 ver-

550 1543 671 1596 cellensis
689 1553 715 1595 et
734 1539 849 1594 Comitis
867 1539 942 1592 Idem
960 1539 1086 1593 dominus
1105 1539 1249 1610 Episcopus
1267 1555 1316 1592 suo
1335 1541 1446 1594 nomine
1466 1539 1598 1612 Episcopij
1618 1551 1645 1593 et
1662 1538 1716 1593 Ec-

548 1630 627 1684 clesie
645 1625 812 1682 vercellensis
830 1626 902 1680 Cum
921 1643 974 1680 vno
994 1626 1088 1679 baculo
1106 1643 1188 1697 quem
1216 1626 1270 1680 suis
1299 1629 1404 1680 tenebat
1431 1626 1554 1682 manibus
1581 1625 1719 1682 inuestiuit

548 1718 632 1771 dictos
650 1714 781 1770 Consules
800 1725 826 1768 et
844 1731 888 1766 me
907 1713 1042 1767 notarium
1061 1713 1258 1784 infrascriptum
1276 1714 1443 1786 Recipientes
1456 1730 1550 1768 eorum
1562 1714 1718 1768 nominibus

548 1817 574 1859 et
593 1806 651 1857 uice
669 1817 696 1857 et
714 1803 825 1857 nomine
844 1801 968 1855 omnium
987 1813 1013 1854 et
1031 1801 1199 1872 singuionrnr
1219 1801 1400 1857 beccariorum
1416 1801 1479 1855 dicti
1493 1801 1546 1854 loci
1559 1801 1670 1872 Bugelle
1688 1812 1714 1853 et

548 1894 704 1946 habentium
723 1893 765 1961 jus
783 1891 810 1943 in
831 1891 884 1960 ipsa
903 1890 1020 1942 beccaria
1033 1890 1066 1943 de
1080 1889 1206 1943 omnibus
1219 1906 1312 1944 eorum
1325 1890 1426 1962 juribus
1438 1901 1464 1943 et
1482 1888 1718 1944 consuetudinibus

551 1982 698 2034 honoribus
717 1979 873 2050 priuillegijs
892 1978 1084 2031 ordinamentis
1112 1989 1138 2030 et
1165 1979 1311 2033 rationibus
1337 1977 1508 2048 infrascriptis
1534 1995 1588 2048 que
1605 1989 1632 2031 et
1650 1993 1715 2048 ques

550 2081 641 2123 tenent
659 2081 685 2121 et
703 2081 793 2121 tenere
811 2079 1007 2120 consueuerunt
1034 2079 1060 2119 et
1087 2066 1186 2119 habent
1213 2067 1262 2137 ipsi
1290 2079 1316 2119 et
1345 2067 1539 2136 predecessores
1557 2083 1652 2119 eorum
1671 2081 1717 2136 per

551 2158 633 2228 longa
651 2170 677 2211 et
696 2155 851 2226 longissima
870 2168 990 2225 tempora
1008 2155 1035 2207 in
1055 2154 1111 2224 ipsa
1130 2155 1246 2208 beccaria
1264 2154 1397 2209 Comunis
1415 2154 1525 2224 Bugelle
1550 2153 1622 2208 Cum
1640 2153 1718 2208 inira·

547 2246 648 2317 scriptis
666 2243 901 2298 consuetudinibus
920 2254 947 2296 et
965 2242 1066 2312 juribus
1084 2259 1098 2294 a
1117 2243 1230 2296 donaino
1248 2243 1379 2314 Episcopo
1397 2237 1582 2314 Episcopio'et
1600 2239 1717 2298 Ecclesia

548 2333 708 2388 vercellensi.
728 2333 828 2386 Dantes
846 2343 873 2384 et
891 2330 1024 2384 soluentes
1043 2330 1131 2382 eidem
1149 2317 1276 2384 domino⁸
1289 2331 1420 2402 Episcopo
1448 2343 1473 2384 et
1500 2331 1641 2402 Episcopio
1673 2349 1718 2386 an·

548 2421 659 2476 nuatim.
679 2421 764 2474 libras.
784 2419 921 2488 Quinque.
952 2418 1059 2470 solidos.
1092 2405 1192 2472 nouem
1223 2431 1250 2472 et
1279 2419 1401 2473 denarios
1426 2417 1510 2490 Iss].⁰¹
1530 2419 1666 2490 papienses
1687 2421 1717 2473 in

547 2510 685 2562 natiuitate
703 2507 807 2560 domini
825 2517 903 2576 prom
921 2505 949 2558 in
969 2505 1091 2575 Registro
1109 2506 1190 2576 ipsius
1208 2505 1313 2560 domini
1331 2507 1453 2578 Episcopi
1472 2507 1567 2561 dicitur
1585 2507 1717 2562 contineri

550 2599 641 2667 eisque
659 2593 828 2664 consignsuit
845 2609 947 2656 eorum,
966 2593 1078 2646 nomine
1096 2605 1122 2646 et
1140 2595 1257 2663 predicto
1275 2595 1373 2648 dictam
1392 2595 1538 2648 beccariarn
1565 2611 1627 2648 curn
1655 2611 1718 2652 con·

549 2683 733 2737 suetudinibus
762 2681 916 2752 juribusque
945 2681 999 2734 suis
1029 2682 1176 2735 secundum
1206 2683 1279 2752 quod
1311 2683 1375 2736 scita
1394 2696 1433 2736 est
1451 2694 1478 2736 et
1495 2683 1669 2737 determinata
1687 2683 1716 2736 in

548 2772 633 2842 placio
653 2768 762 2840 Bugelle
780 2781 806 2822 et
824 2786 886 2822 cum
899 2768 1110 2822 ordinationibus
1122 2781 1149 2822 et
1157 2771 1394 2824 consuetudinibus
1405 2770 1574 2842 infrascriptis
1586 2771 1717 2825 Videlicet

547 2860 619 2932 quod
638 2858 726 2929 aliqua
744 2857 861 2911 beccaria
879 2874 934 2912 non
953 2856 1035 2928 possit
1063 2855 1120 2911 fieri
1149 2858 1176 2911 in
1195 2857 1285 2930 aliquo
1304 2858 1364 2912 loco
1383 2858 1493 2930 Bugelle
1512 2876 1561 2912 nec
1579 2875 1625 2932 per
1653 2871 1716 2914 octo

547 2947 661 3002 miliaria
679 2963 760 3017 prope
778 2946 806 2999 in
825 2958 893 2999 terra
911 2947 1014 3000 domini
1033 2947 1156 3017 Episcopi
1174 2947 1225 3000 nisi
1244 2947 1272 2999 in
1291 2947 1406 3018 predicta
1424 2947 1542 3002 becesria
1559 2959 1586 3000 et
1606 2964 1653 3020 per
1675 2963 1717 3002 su·

546 3036 702 3108 prascriptos
721 3035 852 3088 beccarios
870 3047 896 3087 et
915 3050 1009 3088 eorum
1027 3035 1138 3088 heredes
1156 3047 1182 3088 et
1200 3052 1246 3104 per
1273 3035 1400 3088 habentes
1418 3036 1460 3106 jus
1478 3035 1506 3088 in
1525 3034 1581 3106 ipsa
1599 3035 1716 3090 beccaria

548 3124 591 3178 uel
609 3141 656 3194 per
673 3121 740 3176 alios
758 3122 804 3193 qui
822 3123 970 3193 acciperent
987 3123 1015 3176 in
1034 3140 1143 3177 vxorem
1161 3123 1278 3194 aliquam
1297 3122 1380 3176 filiam
1393 3123 1526 3177 dictorum
1535 3123 1715 3178 beccariorum

549 3212 601 3267 Cui
620 3211 698 3266 Idem
717 3211 849 3264 beccarius
867 3212 1023 3265 concederet
1042 3211 1199 3265 Caniculam
1218 3211 1274 3264 siue
1289 3209 1335 3281 Jus
1353 3211 1382 3264 in
1401 3211 1505 3265 bancho
1524 3211 1641 3266 beccarie
1658 3211 1716 3266 siue

547 3301 577 3353 in
596 3301 652 3371 ipsa
670 3299 787 3353 beccarie
806 3299 849 3368 (1)
869 3339 982 3352 .....
1011 3301 1106 3354 dotalis
1133 3301 1172 3353 lta
1200 3299 1272 3370 quod
1296 3297 1342 3352 ille
1359 3299 1469 3353 maritus
1488 3299 1531 3370 (2)
1550 3339 1714 3354 .......

546 3404 670 3442 concessa
690 3387 805 3458 predicta
825 3399 944 3441 teneatur
961 3387 1046 3441 iacere
1064 3405 1148 3442 snum
1166 3389 1269 3441 bonum
1288 3387 1429 3459 prandium
1447 3388 1573 3443 omnibus
1591 3389 1715 3459 becceriis

547 3477 717 3546 operantibus
736 3476 880 3528 beccariam
899 3488 1042 3546 antequam
1061 3489 1179 3530 exerceat
1197 3475 1316 3529 officium
1330 3477 1454 3529 beccarie
1473 3475 1502 3528 Si
1515 3493 1580 3530 uero
1592 3475 1647 3530 filia
1659 3477 1716 3530 bec·

548 3564 609 3633 carij
631 3565 688 3616 sine
707 3563 816 3616 heredes
834 3564 971 3616 decederet
1003 3577 1145 3635 antequam
1173 3564 1216 3634 (3)
1235 3604 1348 3617 ·····
1367 3563 1469 3618 lecisset
1487 3565 1628 3636 prandium
1652 3565 1716 3638 ipsis

546 3652 671 3722 beccarijs
689 3667 745 3704 non
763 3651 858 3704 habeat
876 3663 977 3721 partem
996 3651 1041 3704 ille
1059 3653 1100 3704 vir
1117 3652 1227 3705 maritus
1246 3653 1383 3724 quondam
1401 3651 1456 3706 filie
1473 3653 1583 3724 beccarij
1604 3669 1655 3707 nec
1672 3655 1715 3724 jus

548 3740 577 3792 in
596 3740 651 3809 ipsa
670 3738 787 3792 beccaria
809 3739 913 3792 ratione
932 3739 1060 3793 Cauicule
1079 3739 1122 3793 uel
1141 3739 1206 3810 juris
1223 3739 1252 3793 in
1281 3740 1385 3794 bancho
1412 3757 1427 3794 a
1454 3739 1573 3794 beccarie
1591 3741 1642 3795 sibi
1660 3741 1714 3794 dati

547 3827 593 3880 sed
611 3827 717 3880 reddeat
736 3837 763 3879 et
779 3827 915 3898 perueniat
933 3829 975 3897 jus
994 3828 1109 3881 beccarie
1128 3827 1156 3881 in
1184 3827 1386 3900 propinquiores
1415 3841 1535 3900 parentes
1560 3828 1643 3900 ipsius
1660 3826 1715 3882 filie

549 3914 658 3985 beccarij
679 3913 810 3968 defuncte.
829 3914 898 3968 Item
916 3915 988 3986 quod
1018 3914 1114 3986 aliquis
1144 3916 1277 3970 dictorum
1308 3917 1488 3971 beccariomm
1517 3916 1563 3990 qui
1588 3915 1714 3970 uenderet

575 4088 603 4142 (ι)
618 4089 686 4130 locus
700 4101 785 4130 vacuus.
800 4089 894 4129 Attsmen
908 4101 932 4129 ex
945 4088 992 4142 silis
1006 4088 1111 4144 priuilegia
1126 4090 1246 4132 investium
1260 4091 1307 4132 suni
1324 4092 1382 4142 1456,
1394 4091 1434 4133 icrc
1448 4092 1540 4136 eiusdem
1553 4089 1637 4138 tenoris,
1651 4087 1711 4128 verbs

547 4159 582 4200 laic
595 4159 709 4200 desiderata
721 4160 801 4200 restitui
815 4169 910 4214 possunt,
924 4159 964 4200 hoc
978 4161 1048 4200 modos
1063 4160 1159 4201 rmndsnr
1171 4161 1258 4215 formam
1272 4164 1396 4202 instrumenti.

577 4230 607 4283 (a)
620 4229 693 4272 Itidem
706 4230 766 4272 locus
779 4243 865 4272 vanus.
879 4231 996 4284 tegendum
1010 4243 1054 4273 cst:
1064 4233 1107 4286 fille
1121 4234 1200 4288 becboeij
1213 4234 1243 4273 cni
1256 4241 1320 4273 urent.

577 4301 605 4353 (3)
620 4301 693 4344 Isidem
706 4302 766 4344 locus
779 4315 864 4344 vacuus.
880 4303 996 4357 legendum
1010 4313 1054 4346 est:
1069 4307 1149 4346 maristo
1157 4305 1200 4358 fiiis
1213 4303 1303 4359 delusis.
