3926 5542
1381 485 1429 540 ¹53

274 598 464 654 consuetudine
482 597 510 650 in
528 597 689 652 contranurn
707 596 907 667 disponentibus
924 611 969 650 sen
988 594 1142 650 facientibus
1159 593 1249 648 nullus
1260 609 1374 664 sponsus
1390 593 1431 646 vir

271 703 317 742 scu
337 687 446 740 maritus
463 685 573 740 alicuius
590 703 686 756 sponse
704 683 803 738 femine
820 683 862 738 vel
880 683 968 738 uxoris
986 683 1039 736 filie
1056 683 1167 737 alicuius
1184 681 1303 736 bominis
1320 683 1355 735 de
1372 682 1429 735 Ru-

272 775 342 844 gella
360 791 406 828 seu
424 775 578 828 habitatoris
596 773 677 844 ipsius
697 773 748 826 loci
766 772 916 826 decedentis
935 771 962 824 in
981 771 1063 825 domo
1082 783 1188 840 paterna
1205 787 1251 824 seu
1269 769 1331 822 alibi
1351 770 1432 838 prius·

272 879 352 932 quam
371 861 468 916 factum
487 861 565 916 fuerit
582 862 639 916 siue
656 861 810 931 stipulatum
828 860 1035 914 instrumentum
1047 857 1134 910 dotale
1146 874 1207 910 cum
1225 869 1301 926 pacto
1314 855 1432 908 lucrandi

273 961 374 1020 partem
392 950 461 1004 dotis
480 949 536 1004 siue
555 950 646 1003 dotem
664 965 710 1002 seu
729 959 871 1018 antequam
890 947 968 1000 ducta
986 943 1065 998 luerit
1082 961 1144 998 cum
1162 944 1346 997 benedictione
1364 942 1430 996 iacta

272 1036 299 1089 in
319 1035 385 1090 iacie
402 1038 510 1091 ecclesie
528 1037 585 1090 siue
603 1037 631 1090 in
649 1035 764 1090 Ecclesia
782 1036 815 1088 ad
834 1036 947 1088 domum
965 1033 1054 1104 sponsi
1072 1045 1098 1086 et
1117 1031 1203 1084 mariti
1222 1049 1252 1084 ac
1279 1031 1430 1101 priusquam

272 1123 400 1178 celebrata
418 1123 495 1178 suerit
513 1124 683 1196 solempnitas
702 1127 857 1196 nupciarum
876 1123 967 1195 aliquo
985 1123 1172 1176 modo‘autex
1190 1119 1277 1188 aliqua
1296 1135 1372 1170 musa
1390 1117 1431 1170 vel

272 1213 374 1282 quesito
393 1211 481 1266 colore
499 1223 597 1283 petterc
614 1213 740 1284 consequi
759 1214 871 1266 retinere
889 1229 935 1265 seu
947 1211 1044 1266 habere
1057 1209 1138 1280 possit
1154 1223 1200 1260 seu
1212 1206 1305 1260 debeat
1317 1206 1432 1276 aliquam

274 1311 373 1370 partem
392 1300 460 1354 dotis
478 1317 524 1354 seu
543 1301 633 1354 dotem
652 1300 721 1353 dicte
739 1318 834 1370 sponse
853 1299 952 1354 lemine
970 1298 1011 1351 vel
1042 1296 1129 1350 tutoris
1155 1307 1201 1350 aut
1218 1294 1267 1380 ipsi
1289 1293 1387 1348 semine
1404 1293 1433 1346 in

272 1386 361 1456 aliquo
380 1389 475 1457 quouis
494 1388 576 1441 modo
594 1389 732 1441 succedere
750 1389 807 1442 siue
825 1389 910 1441 dictus
929 1387 1038 1440 maritus
1056 1385 1090 1438 sit
1108 1385 1141 1438 de
1159 1384 1217 1453 ipso
1235 1381 1295 1435 loco
1324 1380 1433 1450 bugelle

140 1477 151 1498 ⁸
201 1531 227 1550 ·.
272 1473 313 1526 vel
332 1473 439 1528 aliunde
456 1475 536 1528 etiam
555 1476 576 1528 si
595 1477 750 1546 reperiretur
767 1475 885 1548 aliquam
904 1474 1105 1544 dispositionem
1124 1471 1189 1542 juris
1207 1469 1331 1523 comunis
1350 1468 1434 1521 lacere

272 1561 305 1614 ad
323 1563 475 1632 oppositum
493 1562 611 1617 volentes
629 1576 655 1617 et
673 1563 823 1618 statuentes
841 1581 887 1634 per
905 1579 1010 1633 presens
1028 1561 1162 1615 Statutum
1175 1558 1392 1628 cuicumquejurj
1407 1569 1434 1610 et

273 1659 370 1703 statuto
389 1650 417 1702 in
436 1651 597 1705 contrarium
615 1652 766 1721 disponenti
795 1668 914 1722 expresse
942 1650 1062 1720 derogari
1091 1649 1148 1702 siue
1175 1646 1233 1700 talis
1260 1645 1359 1699 iemina
1377 1645 1434 1698 siue

273 1751 368 1804 sponsa
378 1735 456 1790 luerit
465 1739 637 1830 matrimonio
648 1739 768 1807 copulata
779 1755 823 1808 per
833 1739 910 1792 verba
921 1739 955 1792 de
964 1737 1077 1808 presenti
1087 1736 1143 1789 siue
1152 1751 1197 1806 per
1206 1733 1284 1788 verba
1294 1731 1433 1786 defuturo.

309 1857 375 1910 item
395 1871 541 1913 statuerunt
558 1859 756 1914 declarauerunt
773 1873 799 1915 et
817 1859 1027 1914 relonnauerunt
1045 1871 1073 1913 vt
1090 1875 1167 1929 supra
1185 1858 1257 1927 quod
1284 1857 1306 1908 si
1324 1855 1383 1926 quis
1401 1855 1435 1908 de

275 1943 335 1998 loco
354 1944 462 2016 Bngelle
480 1963 526 1999 seu
544 1947 651 2002 aliunde
680 1961 771 2002 contra
789 1949 889 2002 dimum
908 1947 1041 2002 Statutum
1069 1963 1098 1999 se
1124 1956 1240 2015 opponat
1268 1957 1314 1996 aut
1340 1942 1435 2012 aliquis

274 2032 458 2103 tndecumque
476 2035 552 2088 luerit
570 2036 675 2088 traxerit
693 2037 721 2088 in
740 2035 814 2088 litem
832 2035 948 2105 aliquam
966 2049 1107 2104 personam
1124 2034 1158 2086 de
1171 2033 1242 2086 dicto
1255 2029 1436 2100 locoBugeiie

274 2133 363 2173 contra
382 2119 496 2175 sormam
514 2123 677 2194 suprascripti
696 2124 791 2178 Statuti
810 2140 857 2176 seu
875 2135 965 2176 contra
995 2121 1108 2175 sormam
1135 2119 1249 2173 aliorum
1276 2129 1434 2172 statutorum

274 2206 401 2262 sactorum
420 2225 466 2279 per
483 2209 583 2264 dictum
602 2227 716 2265 comune
735 2210 937 2282 disponentium
956 2210 1028 2281 quod
1045 2209 1119 2262 nulla
1138 2208 1234 2262 mulier
1247 2208 1336 2261 dotata
1354 2205 1436 2276 possit

273 2296 305 2348 ab
318 2297 440 2351 intestato
453 2297 542 2352 venite
558 2300 590 2353 ad
603 2301 796 2353 successionem
815 2313 954 2370 parentum
972 2311 998 2352 et
1011 2311 1096 2352 cetera
1114 2310 1192 2368 prout
1209 2297 1238 2350 in
1251 2295 1314 2367 ipsis
1332 2294 1435 2348 statutis

273 2385 423 2438 continetur
440 2403 492 2456 que
509 2398 604 2441 statuta
623 2387 688 2444 facta
707 2387 812 2442 luerunt
831 2405 876 2458 per
894 2389 995 2440 dictum
1013 2403 1129 2440 comum
1148 2388 1229 2439 Anno
1247 2397 1273 2438 et
1301 2382 1435 2437 inditione

274 2473 434 2541 presentibus
444 2475 487 2528 die
498 2475 640 2544 vigessimo
654 2477 740 2547 ptimo
756 2475 854 2529 mensis
866 2475 932 2546 junii
949 2475 1021 2545 quod
1035 2475 1138 2529 domini
1150 2471 1288 2528 Clauarius
1304 2470 1436 2525 Consules

273 2577 302 2613 ac
321 2561 443 2616 Sindicus
461 2563 502 2615 vei
520 2564 613 2618 sindici
631 2564 753 2618 comunis
771 2563 881 2635 bugelle
898 2563 944 2634 qui
962 2561 1227 2632 nuncluerintlpsam
1246 2561 1320 2614 litem
1339 2571 1366 2613 et
1383 2558 1433 2612 de-

274 2647 433 2702 lenssionem
452 2651 511 2703 talis
528 2653 653 2704 conuenti
672 2652 699 2704 in
718 2669 746 2704 se
764 2653 894 2722 suscipere
912 2663 1051 2705 teneantur
1068 2662 1095 2704 et
1113 2649 1141 2704 in
1160 2667 1191 2704 ea
1209 2664 1374 2720 perseuerare
1392 2663 1435 2698 ex-

275 2737 360 2805 pensis
378 2738 441 2790 dicti
459 2740 581 2791 comunis
599 2739 709 2810 Bngelle
735 2739 861 2810 usquein
890 2739 971 2792 finem
999 2751 1025 2792 et
1042 2739 1111 2792 dicte
1129 2754 1242 2808 expense
1260 2754 1306 2808 per
1324 2735 1435 2790 rationa-

275 2835 344 2876 tores
362 2824 421 2876 talis
439 2823 553 2894 Clnuarij
574 2825 602 2878 in
621 2827 677 2880 eius
696 2827 799 2880 ratione
816 2828 929 2880 debeant
947 2825 1052 2896 allocarj
1073 2827 1130 2880 sine
1151 2824 1304 2878 difficultate
1322 2838 1436 2896 quocon-

275 2925 326 2980 que
344 2922 371 2964 et
388 2911 490 2964 Statuta
507 2913 562 2982 ipsa
581 2929 628 2983 pto
646 2913 705 2984 lege
723 2915 857 2968 statutaria
875 2915 987 2968 debeant
1004 2915 1151 2968 Inconcuse
1169 2915 1275 2983 seruari.

311 3049 368 3114 Qui
376 3051 484 3122 quidem
493 3052 596 3107 domiui
609 3053 745 3110 Clanarius
755 3055 885 3110 Consules
895 3054 1054 3124 credendarii
1069 3067 1095 3109 et
1104 3053 1184 3107 vicini
1194 3053 1282 3107 audita
1291 3053 1360 3106 dicta
1370 3069 1435 3124 pro·

277 3139 409 3208 positione
425 3152 452 3194 et
469 3140 546 3211 plene
560 3143 729 3198 consideratis
741 3160 792 3214 que
804 3145 831 3197 in
845 3161 876 3197 ea
888 3143 1058 3196 continentur
1069 3142 1272 3212 Responderunt
1284 3142 1322 3194 eis
1333 3141 1437 3194 salubre

276 3227 358 3280 videri
372 3228 443 3298 quod
456 3229 525 3282 dicta
536 3229 638 3284 Statuta
650 3243 676 3284 et
688 3231 888 3284 reinmudonec
905 3228 1115 3284 conficiannrret
1133 3229 1222 3282 habita
1240 3245 1318 3300 super
1329 3229 1382 3299 hijs
1394 3228 1439 3283 de·

277 3315 431 3369 liberatione
449 3327 551 3370 matura
568 3329 595 3371 et
611 3319 743 3372 scrutineo
762 3331 857 3372 mutuo
875 3335 905 3372 ac
923 3317 1006 3372 semel
1023 3329 1050 3371 et
1068 3317 1149 3388 pluris
1159 3317 1302 3370 deliberato
1314 3315 1437 3370 consulto

277 3415 303 3457 et
316 3403 448 3474 disputato
460 3403 623 3476 utilitateque
634 3419 661 3460 et
672 3407 788 3460 comodo
799 3407 951 3478 reypublice
962 3407 1076 3476 penem
1086 3421 1181 3459 omnes
1193 3405 1332 3460 unanimes
1341 3417 1367 3459 et
1375 3421 1437 3458 con·

276 3494 368 3546 cordes
380 3509 410 3546 ac
425 3493 542 3562 ipsorum
555 3494 663 3547 nemine
675 3495 837 3564 discrepame
850 3495 951 3548 Stantta
969 3495 1025 3564 ipsa
1043 3495 1081 3548 xri
1100 3506 1127 3548 et
1145 3495 1220 3547 beate
1231 3493 1315 3547 marie
1327 3493 1437 3564 virginis

277 3579 413 3650 tociusque
425 3581 527 3634 celestis
539 3581 610 3634 curie
622 3581 775 3635 nominibus
787 3583 917 3636 inuocatis
928 3583 960 3636 ad
974 3583 1105 3636 honorem
1118 3593 1145 3635 et
1156 3594 1253 3635 statum
1266 3579 1436 3634 illustrissimi

277 3668 400 3738 principis
412 3681 439 3722 et
450 3667 544 3722 excelsi
557 3668 660 3722 domini
672 3671 753 3724 nostri
767 3671 870 3724 domini
884 3668 1000 3724 ludouici
1014 3670 1144 3724 Sabaudie
1156 3681 1205 3723 etc.
1217 3670 1291 3723 ducis
1300 3669 1438 3739 tociusque

277 3757 426 3826 reypublice
446 3757 508 3810 dicti
527 3757 579 3810 loci
597 3757 706 3826 Bngelle
725 3771 802 3829 prout
819 3759 937 3828 superius
956 3772 994 3812 est
1012 3757 1172 3828 descriptum
1190 3775 1222 3810 ex
1243 3757 1374 3812 statuendi
1393 3773 1438 3828 po-

277 3855 368 3898 testate
386 3845 486 3898 eisdem
501 3844 658 3898 comunitati
670 3857 696 3900 et
709 3845 863 3900 homiuibus
876 3863 921 3918 per
933 3845 1062 3918 prelatum
1074 3845 1283 3900 illustrissimum
1295 3845 1436 3900 dominum

277 3943 397 3985 nostrum
409 3943 436 3985 et
448 3931 504 3986 eius
516 3931 708 3988 illustrissimos
721 3933 902 4004 progenitores
913 3933 1037 3989 attn'buta
1047 3933 1224 4004 omnibusque
1233 3935 1291 4003 jure
1303 3933 1345 3986 via
1354 3933 1438 3987 modo

277 4030 304 4072 et
321 4017 406 4074 forma
423 4019 519 4090 quibus
537 4020 633 4076 melius
650 4033 793 4092 potuerunt
803 4034 830 4076 et
842 4033 951 4093 possum
963 4021 1081 4076 tecuam
1092 4021 1268 4076 condiderunt
1284 4019 1440 4076 suaserunt

277 4117 303 4158 et
321 4105 531 4162 reformauerunt
548 4125 642 4164 eorum
660 4109 770 4180 propriis
788 4110 942 4164 nominibus
954 4125 984 4164 ac
1001 4110 1059 4164 vioe
1070 4121 1098 4164 et
1107 4110 1219 4164 nomine
1230 4108 1315 4164 tocius
1327 4109 1436 4166 vniuet·

277 4193 360 4246 sitatis
377 4195 548 4250 comunitatis
566 4207 592 4250 et
610 4197 753 4252 bominum
772 4199 834 4252 dicti
853 4197 905 4252 loci
918 4197 1027 4268 bugelle
1045 4197 1163 4252 volentes
1181 4209 1208 4251 et
1225 4197 1376 4252 ordinentes
1388 4211 1437 4254 sta·

277 4292 334 4335 tuta
352 4281 407 4352 ipsa
425 4283 489 4354 poni
508 4297 534 4338 et
552 4284 711 4356 incorporat]⁸
732 4287 759 4340 in
778 4284 916 4340 volumine
933 4287 1098 4342 Statutotutn
1116 4287 1179 4342 dicti
1191 4287 1315 4342 commis
1327 4285 1436 4358 sugette
