3958 5540
540 491 589 543 104
1158 491 1175 522 ο

576 599 720 654 118.1ten
739 601 811 671 quod
830 615 908 671 super
935 599 1145 654 accusationibus
1171 599 1338 671 generalibus
1363 597 1438 652 iactis
1463 613 1511 669 per
1536 597 1604 652 alios
1619 613 1701 668 quam

538 687 669 757 predictos
687 687 813 742 officiales
830 689 893 742 dicti
911 689 1034 741 comunis
1052 688 1184 742 denuncie
1201 700 1228 740 et
1257 686 1444 758 inquisitionis
1463 685 1622 756 recipiantur
1638 701 1701 738 curn

536 775 686 830 iuramento
704 775 773 830 dicta
792 776 976 846 principalium
995 792 1166 846 personarum
1185 793 1237 846 que
1255 775 1352 828 fuerint
1369 773 1502 844 inculpate
1514 773 1554 826 Ac
1565 785 1644 826 testes
1655 789 1701 843 per

535 879 603 933 quos
621 864 702 933 possit
720 863 816 916 melius
834 863 929 916 ueritas
948 863 1071 928 inueniri,
1089 863 1138 916 sub
1157 863 1246 916 banno
1264 861 1411 915 solidorum
1425 861 1461 915 X.
1473 861 1639 932 papiensium
1652 877 1700 930 pro

535 951 653 1021 quolibet
671 951 780 1005 consule
806 965 832 1005 et
859 953 963 1006 notario
991 969 1021 1006 ac
1048 951 1163 1022 qualibet
1183 951 1241 1004 uice
1258 968 1310 1021 qua
1328 949 1485 1004 obmiserint
1503 947 1588 1003 lacere
1605 965 1699 1018 supra-

535 1040 611 1093 dicta.

572 1196 630 1252 119.
648 1182 717 1235 Item
735 1182 808 1253 quod
835 1180 924 1236 nullus
952 1181 1042 1236 minor
1068 1181 1138 1235 VllI.
1157 1181 1235 1236 annis
1261 1180 1361 1236 cursari
1383 1179 1465 1251 possit
1483 1195 1532 1234 nec
1550 1178 1632 1234 alium
1651 1194 1698 1232 ac-

534 1286 632 1322 cusare.
772 1285 775 1290 ·

575 1424 632 1463 120.
651 1411 719 1464 ltem
737 1411 810 1481 quod
829 1411 945 1481 quelibet
963 1428 1073 1482 persona
1092 1411 1213 1464 habitans
1231 1411 1258 1463 in
1278 1410 1383 1480 bugella
1406 1411 1440 1464 de
1458 1410 1576 1480 quolibet
1602 1408 1699 1462 delicto

532 1498 647 1550 comisso
666 1499 693 1550 in
713 1498 818 1568 bugella
837 1499 879 1551 uel
898 1512 969 1552 extra
988 1498 1074 1552 ualeat
1092 1499 1155 1569 ipsis
1166 1498 1319 1552 consulibus
1331 1497 1445 1551 accusari
1459 1513 1542 1569 usque
1554 1498 1698 1551 adannum

531 1603 547 1638 a
566 1586 610 1638 die
628 1587 735 1639 comissi
753 1586 872 1639 criminis
889 1599 917 1639 et
934 1603 990 1640 non
1009 1587 1084 1640 ultra

570 1759 627 1798 121.
647 1743 687 1814 (r)
706 1745 773 1797 ltem
793 1745 864 1815 quod
883 1758 1001 1814 pretextu
1029 1745 1140 1798 alicuius
1169 1747 1288 1798 criminis
1315 1745 1355 1798 vel
1375 1745 1463 1798 delicti
1491 1744 1588 1797 obiecti
1606 1755 1698 1797 contra

530 1849 670 1902 personam
689 1833 846 1887 accusatoris
864 1834 920 1886 eius
938 1851 1015 1887 acusa
1034 1835 1127 1887 debeat
1145 1835 1295 1905 impugnari
1314 1835 1363 1887 sub
1376 1834 1465 1887 banno
1479 1831 1696 1886 solidorumXX

534 1937 706 1990 papiensium.
760 1933 771 1944 ⁸

568 2077 625 2116 122.
643 2064 710 2116 Item
730 2077 870 2135 postquam
888 2065 1019 2118 accusatio
1038 2078 1139 2135 recepta
1158 2064 1235 2118 suerit
1253 2067 1285 2118 ab
1304 2064 1411 2118 officiali
1429 2064 1514 2118 electo
1532 2081 1578 2134 per
1595 2063 1696 2118 dictum

528 2167 644 2204 comune
662 2153 751 2206 nullus
769 2166 860 2208 contra
878 2154 961 2223 ipsam
981 2155 1076 2207 audeat
1095 2170 1229 2224 opponere
1247 2154 1319 2224 quod
1338 2153 1404 2207 facta
1422 2154 1456 2208 sit
1467 2153 1543 2207 abeo
1555 2153 1601 2224 qui
1612 2151 1692 2208 brer-‘r

529 2239 628 2293 electus
646 2253 736 2295 contra
756 2254 852 2296 statuto
870 2243 933 2295 dicti
952 2243 1075 2296 comunis
1093 2244 1142 2296 sub
1160 2243 1278 2312 predicto
1297 2243 1394 2296 banno.

700 2451 738 2506 16.
758 2453 806 2506 DE
825 2452 1068 2506 PROBACIONE.
1090 2485 1121 2492 —
1143 2454 1196 2507 Fol.
1216 2469 1271 2507 crx.
1291 2453 1402 2525 (Slolnlo
1422 2454 1528 2522 dauni).

728 2681 766 2733 17.
786 2665 834 2719 DE
853 2664 1037 2718 TESTIBUS.
1059 2696 1089 2703 —
1111 2665 1164 2718 fol.
1183 2681 1248 2719 cxx.
1268 2666 1378 2736 (Slululu
1397 2666 1503 2734 desunt).

710 2877 748 2930 18.
768 2877 817 2930 DE
836 2876 997 2930 DAMPNlS
1017 2875 1064 2928 ET
1083 2876 1287 2930 INTERESSE.
1308 2909 1339 2916 —
1369 2876 1422 2930 Fol.
1441 2891 1516 2930 cxxr.
1566 2938 1572 2948 ,

567 3065 624 3120 123.
644 3051 711 3104 item
729 3051 801 3121 quod
819 3053 967 3121 dampnum
986 3052 1134 3104 obueniens
1152 3051 1195 3104 uel
1215 3052 1373 3122 contingens
1391 3067 1507 3104 comune
1520 3061 1566 3103 aut
1578 3049 1693 3122 aliquam

529 3156 670 3209 personam
688 3141 721 3192 de
739 3141 843 3210 bugella
863 3158 909 3193 seu
929 3141 1095 3193 habitantem
1115 3140 1214 3193 ibidem
1234 3141 1362 3194 ocaxione
1380 3139 1491 3192 alicuius
1503 3139 1584 3192 debiti
1597 3137 1639 3192 uel
1653 3140 1695 3192 de·

529 3227 584 3281 licti
603 3229 706 3282 debitor
724 3228 766 3282 uel
786 3229 942 3300 delinquens
960 3230 1096 3283 restituere
1114 3241 1240 3283 teneatur.

567 3404 625 3454 ¹24·
645 3389 711 3442 Item
729 3389 801 3458 quod
820 3391 865 3459 qui
884 3406 939 3442 non
959 3389 1069 3442 soluerit
1085 3391 1157 3460 quod
1176 3389 1295 3443 debuerit
1313 3389 1421 3442 comuni
1440 3388 1483 3442 uel
1496 3388 1570 3443 alteri
1583 3403 1694 3458 persone

425 3524 428 3550 ,
529 3479 561 3531 ad
579 3479 724 3531 temrinum
743 3479 895 3530 ordinatum
914 3479 946 3530 ad
975 3480 1090 3548 dampna
1118 3495 1244 3548 expensas
1268 3491 1298 3530 ‘et
1325 3479 1450 3530 interesse
1471 3489 1529 3546 post
1547 3479 1693 3531 terminum

528 3567 638 3619 comuni
658 3567 701 3618 uel
720 3566 841 3619 creditori
861 3566 1016 3618 huiusmodi
1035 3578 1161 3618 teneatur.

567 3723 624 3776 ης.
643 3709 709 3760 ltem
729 3708 801 3778 quod
820 3707 935 3776 dampna
953 3708 1045 3760 dantes
1073 3706 1115 3759 uel
1143 3707 1273 3759 ocaxione
1300 3705 1408 3776 dampni
1427 3723 1457 3758 ea
1479 3707 1594 3776 dampna
1613 3708 1693 3776 passis

528 3797 665 3849 restituere
683 3807 830 3849 teneantur.

567 3935 624 3989 126.
643 3936 711 3990 Item
729 3935 801 4007 quod
821 3936 942 3989 credatur
959 3938 1106 4007 dampnum
1125 3953 1201 4009 passo
1220 3937 1354 4007 usquead
1373 3936 1472 3990 solidos
1485 3936 1517 3990 X.
1531 3936 1553 3990 si
1572 3936 1635 3989 inde
1647 3952 1693 4006 per

528 4023 660 4078 oficialem
679 4024 795 4078 acusatio
814 4021 881 4078 sacto
899 4022 977 4078 suerit
995 4025 1147 4080 consulibus
1165 4025 1229 4078 dicti
1247 4024 1378 4078 comunis.

555 4307 585 4360 (r)
597 4304 707 4346 Postremis
722 4304 778 4346 bisce
792 4304 873 4346 duobos
888 4304 981 4358 capitulis
996 4305 1066 4346 eadem
1080 4305 1183 4346 litemmm
1198 4303 1263 4346 forme
1278 4314 1317 4354 est,
1332 4318 1354 4346 ae
1369 4305 1434 4358 primo
1447 4303 1538 4344 rubricae
1553 4301 1651 4358 capitulo.
