3958 5540
505 494 555 565 138

503 618 636 671 bonorem
655 629 682 670 et
708 616 958 688 augmentacionem
986 629 1012 670 et
1039 617 1072 670 ad
1091 633 1244 687 prosperum
1264 615 1370 671 Sutum
1388 617 1513 671 comunis
1530 629 1557 672 et
1574 617 1668 676 homi-

504 723 570 758 num
588 705 651 759 dicti
669 705 721 760 loci
738 721 769 758 ac
787 705 867 758 etiam
886 706 920 758 ad
937 705 1130 758 deffensionem
1148 705 1242 776 ipsius
1260 705 1300 758 Ex
1319 715 1447 776 potestate
1465 718 1492 759 et
1509 704 1601 776 baylia
1619 707 1669 776 ipsi

503 793 661 847 comunitati
679 805 706 846 et
723 793 879 847 hominibus
897 793 949 846 loci
967 792 1077 862 Bugelle
1096 808 1219 846 concessa
1237 809 1283 864 per
1301 793 1433 846 Illustrern
1452 793 1669 846 dominacionem

503 881 635 935 Sabaudie
652 879 745 952 vigore
762 894 899 952 pactorum
927 881 1056 934 initorum
1085 881 1153 933 inter
1171 880 1303 934 lllustrem
1333 881 1476 934 dominum
1495 881 1627 934 Sabaudie
1643 894 1671 934 et

503 970 601 1022 dictam
620 969 813 1024 comunitatem
833 968 943 1040 liugelle
961 969 1042 1022 etiam
1061 969 1273 1039 priuillegiorum
1291 969 1379 1022 eidem
1397 970 1554 1022 comunitati
1567 985 1672 1022 concec-

504 1073 596 1111 sotum
615 1075 696 1128 quam
715 1058 796 1112 etiam
814 1059 907 1128 vigore
924 1058 1060 1127 antiquate
1068 1057 1268 1110 consuetudinis
1281 1057 1311 1110 ln
1324 1073 1377 1128 qua
1389 1055 1495 1124 fuerunt
1506 1069 1605 1112 etsunt
1616 1058 1673 1112 Sta·

503 1145 595 1200 tuendi
615 1147 756 1200 ordinandi
774 1158 801 1199 et
819 1145 979 1198 refommndi
997 1145 1122 1198 homines
1139 1157 1167 1198 et
1184 1146 1334 1198 comunitas
1346 1145 1408 1198 dicti
1427 1145 1480 1198 loci
1492 1145 1525 1198 ad
1537 1162 1631 1199 eorum
1643 1146 1673 1198 li·

503 1235 589 1288 bitum
601 1233 625 1287 ei
640 1234 838 1304 beneplacitum
850 1234 943 1303 pteuio
956 1233 1083 1286 conscilio
1097 1231 1355 1303 prefatiSpectabilis
1364 1233 1468 1286 domini
1478 1232 1567 1302 Jacobi
1578 1233 1611 1286 de
1622 1233 1673 1286 Pu-

504 1322 567 1374 theo
577 1321 734 1376 statuerunt
743 1320 931 1374 Reformamnt
945 1331 971 1374 et
983 1319 1140 1374 ordinamnt
1149 1320 1231 1382 Quod
1241 1320 1269 1372 in
1281 1320 1469 1391 Sacramentalj
1484 1321 1672 1391 spectabilium

503 1409 676 1463 dominomm
689 1409 824 1478 potestatis
836 1420 863 1461 et
878 1409 966 1477 meari]
981 1425 1011 1462 ac
1024 1408 1104 1461 etiam
1117 1407 1212 1460 militis
1225 1419 1251 1460 et
1263 1406 1434 1462 familiarium
1447 1408 1528 1462 Curie
1541 1409 1672 1462 dictorum

503 1497 676 1550 dominorum
685 1497 853 1567 potestatiset
862 1497 950 1566 vicafij
960 1509 1093 1567 ponantur
1101 1497 1338 1567 etlncorporentur
1345 1497 1510 1567 infrascripta
1517 1497 1673 1550 Staturaseu

503 1585 656 1638 addiciones
668 1602 714 1654 per
725 1587 804 1637 verba
816 1584 979 1654 infrascripta
990 1586 1068 1648 Quas
1080 1586 1189 1655 quidem
1201 1585 1364 1639 Addiciones
1377 1585 1488 1638 Faciunt
1505 1597 1594 1638 cram
1606 1583 1674 1638 ordi·

503 1685 568 1725 nant
586 1684 613 1725 et
630 1684 751 1726 statuunt
768 1673 946 1726 obsemandas
958 1689 1014 1726 esse
1027 1685 1054 1726 et
1066 1674 1200 1727 obseruari
1213 1674 1308 1726 debere
1326 1675 1485 1742 jocuncusse
1497 1685 1524 1725 et
1535 1672 1674 1726 inuiolabi-

503 1760 605 1813 literae
617 1761 650 1813 ad
664 1777 782 1830 unguem
795 1776 842 1830 pro
854 1761 922 1813 veris
934 1773 960 1813 et
972 1760 1065 1814 validis
1074 1761 1184 1814 Statutis
1197 1777 1227 1813 ac
1239 1777 1288 1830 pro
1300 1760 1419 1813 truncltis
1431 1772 1458 1813 et
1470 1760 1575 1830 precisis
1587 1773 1613 1812 et
1626 1777 1673 1830 pro

504 1847 562 1917 lege
572 1848 726 1918 municipali
740 1849 803 1902 dicti
816 1848 870 1902 loci
881 1849 914 1902 Et
926 1850 978 1902 hoc
997 1866 1043 1919 per
1061 1848 1175 1919 prefatos
1193 1848 1354 1918 spectabiles
1373 1849 1499 1902 dominos
1517 1861 1673 1918 potestatem

504 1947 530 1988 et
548 1935 714 1990 vicariumac
733 1936 847 1991 Militem
865 1949 892 1990 et
910 1936 1052 1990 familiares
1070 1937 1132 1990 dicti
1152 1937 1204 1988 loci
1223 1935 1334 2005 Bugelle
1352 1938 1399 2006 qui
1418 1953 1490 1989 nunc
1508 1949 1570 1989 sunt
1587 1948 1614 1989 et
1626 1953 1674 2005 pro

503 2036 622 2093 tempore
640 2023 737 2077 fuerint
755 2042 785 2079 ac
803 2043 849 2094 per
866 2025 1060 2077 Sindimtorem
1078 2038 1105 2078 et
1123 2025 1301 2078 Sindicatornt
1316 2025 1448 2077 Ellectum
1466 2037 1492 2078 et
1510 2025 1537 2076 in
1555 2024 1673 2078 fututum

504 2112 651 2180 elligendos
670 2129 716 2181 per
728 2113 826 2166 dictam
837 2113 1029 2165 comunitatcm
1045 2113 1155 2182 Bugelle
1167 2114 1209 2165 Ad
1222 2113 1408 2166 sindicandum
1422 2112 1535 2182 prefatos
1547 2113 1672 2166 dominos

505 2212 660 2268 potestatem
689 2201 815 2252 sicarium
835 2201 959 2253 Millitem
985 2213 1012 2254 et
1030 2199 1181 2253 familliares
1199 2201 1245 2271 qui
1273 2217 1345 2253 nunc
1362 2211 1425 2254 sunt
1442 2213 1468 2253 et
1486 2216 1534 2270 pro
1554 2213 1675 2271 tempore

505 2286 602 2341 suerint
611 2299 637 2340 et
652 2305 698 2357 per
709 2305 892 2358 quoscumque
902 2289 1020 2342 intererit
1033 2289 1244 2360 quibuscumque
1257 2289 1285 2342 in
1299 2289 1462 2342 contrarium
1474 2289 1675 2358 disponentibus

505 2391 560 2428 non
574 2376 747 2440 obstantibus,
760 2377 922 2429 Ordinantes
940 2376 1048 2430 vlterlus
1066 2377 1121 2446 ipsa
1139 2376 1305 2447 infrascripta
1324 2389 1420 2430 statuto
1432 2393 1479 2430 seu
1490 2377 1676 2430 ordinaciones

504 2475 530 2515 et
548 2463 700 2517 addicionet
718 2482 765 2534 per
784 2482 829 2517 me
847 2464 1041 2535 infrascriptum
1059 2466 1200 2520 Notarium
1232 2479 1258 2519 et
1275 2465 1387 2519 scribam
1415 2467 1487 2520 curie
1504 2466 1675 2519 comunitatis

508 2550 618 2621 Bugelle
635 2553 730 2604 debere
748 2553 908 2623 incorporari
937 2565 965 2606 et
991 2553 1102 2606 describi
1129 2554 1158 2606 in
1185 2551 1266 2607 libro
1285 2554 1452 2607 Statutorum
1471 2553 1534 2606 dicti
1552 2555 1675 2607 comunis

505 2639 539 2692 Et
556 2640 585 2692 in
603 2639 793 2693 Sacramentali
812 2640 1000 2710 spectabilium
1019 2641 1192 2694 dominomm
1211 2641 1346 2711 potestatis
1365 2653 1391 2694 et
1413 2641 1501 2711 vicarij
1517 2641 1627 2710 Bugelle
1644 2657 1675 2694 ac

505 2725 597 2779 Militis
615 2739 642 2780 et
660 2726 831 2780 lamilliarum
849 2727 999 2781 statuentes
1017 2727 1073 2798 ipsa
1091 2744 1147 2781 esse
1165 2728 1278 2782 truncha
1305 2740 1332 2781 et
1360 2728 1458 2798 precisa
1478 2729 1511 2782 Et
1528 2745 1581 2798 que
1599 2727 1675 2782 nullo

505 2815 589 2867 modo
606 2815 662 2868 Nec
680 2831 713 2867 ex
731 2815 825 2886 quouis
843 2832 921 2868 causa
941 2816 1044 2885 possint
1060 2816 1118 2887 tollj
1139 2815 1266 2886 jnmutan'
1285 2833 1334 2869 nec
1352 2817 1505 2886 dispensari.

539 2951 581 3005 70.
602 2935 669 2990 Item
687 2936 743 2990 Vos
762 2938 797 2990 do
805 2939 878 2990 mine
896 2951 1011 3007 potestas
1028 2939 1148 3008 jurabitis
1166 2939 1198 2992 od
1229 2951 1318 2992 sancta
1341 2938 1383 2991 dei
1411 2939 1558 3009 Euangelia
1585 2937 1675 2992 Tactis

505 3024 676 3095 corporaliter
693 3025 833 3096 Scripturis
860 3043 967 3096 presens
994 3026 1128 3079 statutum
1155 3043 1186 3079 ac
1203 3026 1296 3080 omnia
1321 3026 1371 3079 alia
1390 3025 1551 3096 infrascripta
1579 3039 1675 3080 statuta

504 3115 645 3166 obseruare
663 3125 689 3166 et
708 3114 841 3167 obsemari
861 3113 944 3166 facere
963 3131 1009 3185 per
1023 3115 1148 3168 dominos
1159 3113 1294 3168 vicarium
1308 3113 1431 3167 Millitem
1447 3127 1472 3168 et
1490 3126 1590 3168 ceteros
1601 3113 1676 3168 fami·

505 3199 582 3254 liures
600 3213 700 3254 vestros
719 3202 842 3255 videlicet
862 3217 910 3255 vos
928 3203 1038 3255 domine
1057 3214 1170 3272 potestas
1194 3203 1222 3254 in
1241 3202 1318 3272 plena
1337 3202 1483 3256 Credencin
1508 3203 1630 3256 comunis
1648 3215 1675 3256 et

506 3289 651 3343 hominum
672 3289 781 3360 Bugelle
799 3290 827 3342 in
847 3307 899 3361 qua
917 3291 1074 3360 contingent
1092 3289 1148 3343 fieri
1167 3308 1213 3360 per
1231 3291 1373 3344 dominum
1391 3291 1577 3344 sindicatorem
1597 3291 1676 3361 depu-

506 3387 592 3430 tatum
611 3393 658 3431 scu
677 3377 860 3448 deputandum
878 3395 924 3449 per
942 3379 1043 3431 dictum
1071 3393 1186 3430 comune
1213 3378 1246 3431 ad
1265 3395 1312 3431 vos
1342 3390 1369 3431 et
1386 3379 1528 3431 dominum
1546 3377 1675 3432 vicarium

507 3465 622 3518 Militem
636 3481 665 3518 ac
679 3478 779 3519 ceteros
791 3465 824 3518 de
837 3465 947 3518 fornillia
958 3477 1043 3519 vestra
1056 3465 1239 3518 Sindicandos
1253 3464 1517 3536 Condampoatiooes
1527 3477 1553 3520 et
1565 3465 1674 3519 absolu-

506 3553 596 3606 ciones
614 3569 692 3623 super
705 3553 892 3624 petticionibus
907 3571 936 3606 er
948 3553 1085 3606 demandis
1098 3551 1192 3606 fiendis
1205 3553 1304 3607 Coram
1317 3554 1374 3624 ipso
1387 3554 1500 3608 domino
1511 3554 1676 3608 Sindimtore

507 3657 564 3698 tam
582 3654 674 3696 contra
691 3659 739 3695 vos
758 3659 839 3712 quam
858 3653 949 3694 contra
967 3642 1109 3694 dominum
1128 3641 1255 3695 vicarium
1273 3641 1398 3695 Millitem
1417 3655 1444 3695 et
1460 3653 1561 3695 ceteros
1580 3642 1614 3695 de
1633 3641 1674 3694 fa-

509 3731 594 3784 miliia
612 3731 646 3783 ad
664 3729 778 3784 formam
797 3728 938 3800 priuillegij
958 3741 985 3782 et
1003 3727 1168 3782 Statutorum
1186 3729 1249 3782 dicti
1267 3730 1390 3783 comunis
1401 3746 1479 3801 super
1491 3730 1627 3783 Sindimtu
1639 3725 1677 3782 di·

506 3817 687 3888 spooentium
707 3817 894 3871 Presentabitis
912 3833 957 3869 seu
977 3816 1119 3887 presentari
1138 3815 1237 3870 facietis
1255 3818 1338 3870 Arma
1356 3815 1518 3887 infrascripta
1537 3817 1632 3870 Danda
1650 3827 1677 3870 et

507 3906 678 3960 Remittenda
696 3905 724 3958 in
745 3907 868 3960 manibus
886 3904 1060 3958 dominorum
1080 3904 1195 3974 Clauarij
1215 3917 1242 3958 et
1260 3903 1401 3958 consulum
1420 3905 1483 3958 dicti
1502 3904 1625 3958 comunis
1643 3905 1676 3957 od

509 4010 586 4047 vsum
599 4006 625 4047 et
638 3993 779 4047 utilitatem
798 3994 882 4064 ipsius
900 3993 1023 4046 comunis
1041 3980 1090 4046 ¹sub
1108 4010 1175 4062 pena
1194 3993 1299 4063 periurii
1319 4006 1347 4046 et
1363 3991 1473 4045 infamie
1491 4009 1538 4063 pet
1549 4007 1596 4044 vos
1614 4007 1675 4045 casu

508 4081 642 4136 contrario
660 4082 718 4151 ipso
736 4083 794 4152 jure
812 4094 838 4134 et
857 4079 925 4134 facto
943 4080 1101 4134 incurrendo
1119 4092 1145 4133 et
1163 4080 1271 4134 ulterius
1283 4081 1331 4134 sub
1344 4081 1419 4150 penis
1431 4080 1563 4133 contentis
1575 4079 1604 4132 in
1617 4079 1675 4149 alijs

509 4169 619 4222 Statutis
633 4167 776 4222 sindicatus
793 4170 827 4222 Et
845 4168 910 4222 vltra
928 4170 977 4222 sub
996 4185 1063 4238 peno
1082 4167 1189 4221 arbitrio
1203 4168 1306 4220 domini
1319 4168 1491 4220 Sindicntoris
1504 4167 1579 4220 vobis
1591 4166 1676 4236 impo-

509 4256 604 4310 nenda.
624 4256 657 4308 Et
676 4257 762 4326 primo
780 4273 828 4310 vos
846 4256 956 4310 dontine
976 4268 1089 4326 potestas
1107 4255 1288 4325 presentabitis
1306 4255 1400 4308 dabitis
1419 4267 1445 4308 et
1463 4254 1613 4309 Remittetis
1631 4255 1674 4307 die

508 4345 569 4400 loco
587 4356 614 4397 et
631 4355 751 4416 tempore
768 4345 864 4415 quibus
892 4361 970 4414 supra
987 4345 1015 4396 in
1044 4344 1166 4396 manibus
1185 4342 1345 4413 prefatorum
1364 4344 1537 4397 dominorum
1556 4341 1674 4415 Clanarij
