3918 5554
1383 530 1433 602 263

271 677 302 716 ac
319 663 427 717 Vernati
446 675 471 718 et
490 663 517 716 in
536 662 602 716 locis
620 662 752 716 consuetis
764 674 894 733 quatenus
905 661 995 716 nullus
1006 663 1101 718 audeat
1114 661 1157 716 uel
1170 670 1305 731 presumat
1315 673 1435 711 exercere

272 763 353 804 artem
372 750 471 804 lanarie
489 767 639 822 pannorum
658 751 691 804 de
709 750 814 804 albasio
832 751 861 804 in
879 750 940 804 loco
953 749 1063 822 Bugella
1076 749 1127 803 nisi
1140 749 1212 820 prius
1224 757 1343 817 receptus
1355 743 1437 798 luerit

272 855 318 908 per
336 839 465 894 Consules
483 851 511 892 et
527 837 653 892 officiales
671 839 733 893 artis
751 838 866 909 predicte
884 837 913 892 in
943 837 1067 907 Collegio
1085 847 1112 892 et
1129 834 1293 907 Magisearia
1311 833 1435 904 predicta.

273 925 306 980 Et
324 927 374 980 nisi
393 927 519 996 iurauerit
537 939 563 982 et
582 926 732 998 promiserit
750 943 778 980 se
796 938 962 980 seruaturum
980 937 1076 980 statura
1093 924 1311 980 ordimnonees
1329 920 1439 992 promis·

274 1013 363 1068 siones
382 1013 460 1070 lactas
478 1033 525 1087 per
541 1015 697 1070 societatem
716 1026 742 1068 et
760 1014 913 1084 Collegium
926 1015 1098 1080 antedicnrm,
1110 1011 1281 1068 wnfirmatm
1294 1009 1438 1082 peripsum

274 1101 406 1156 Comune.
425 1104 458 1158 Et
476 1104 522 1175 qui
541 1103 568 1158 iu
587 1102 678 1174 aliquo
695 1121 729 1158 ex
747 1103 869 1173 predictis
898 1101 1081 1158 conualecerit
1108 1101 1195 1158 soluat
1228 1099 1295 1152 ultra
1313 1113 1394 1168 penas
1411 1097 1439 1152 iu

274 1191 335 1260 ipsis
353 1192 456 1246 statutis
474 1192 685 1263 comprehensas,
704 1191 804 1246 solidos
823 1191 878 1246 Lll
898 1191 1072 1263 papiensium.
1103 1191 1139 1246 Et
1165 1187 1277 1262 quilibet
1302 1185 1384 1256 possit
1401 1201 1440 1240 ac·

273 1293 377 1332 cussare
395 1289 421 1332 et
439 1279 535 1334 habeat
552 1280 661 1335 terciam
679 1291 780 1350 partem
798 1279 888 1334 banni.
907 1280 940 1334 Et
958 1279 1078 1334 credatur
1095 1277 1207 1334 occussis
1231 1277 1350 1350 ipsomm
1369 1277 1440 1332 Con·

275 1366 364 1420 sulum
383 1379 520 1439 tamquam
538 1367 692 1422 officialium
711 1367 793 1438 ipsius
811 1367 915 1422 domini
940 1367 1083 1440 potestatis.

310 1455 368 1525 Ego
387 1455 571 1510 Barrolomeus
589 1457 622 1510 de
641 1467 716 1510 netro
735 1457 853 1512 notarius
871 1457 974 1527 justicie
992 1455 1103 1528 Bugella
1121 1456 1264 1528 predictam
1283 1453 1392 1510 Ctidam
1412 1453 1440 1507 in

274 1541 339 1597 actis
358 1543 434 1614 posui
453 1555 479 1597 et
497 1561 542 1598 me
560 1544 710 1615 subscripsi.

273 1720 415 1790 Nomina
437 1721 606 1792 hominum
628 1720 668 1788 de
691 1719 838 1811 Collegio
862 1721 1090 1812 Drapatiorum
1124 1739 1199 1790 sunt
1228 1721 1281 1790 hic
1302 1719 1435 1790 iuferius

321 1845 447 1918 scnpta.

311 1987 444 2058 imprimis
463 1987 577 2042 Ubertus
595 1987 629 2042 de
646 1987 755 2042 marcio.
774 1987 906 2043 lohannes
924 1989 1045 2060 vignalis
1061 1989 1218 2046 lacomellus
1230 1991 1370 2062 Spahrius
1390 1991 1444 2044 An·

276 2076 394 2128 toniotus
412 2077 496 2130 bursa.
517 2075 631 2130 Ubertus
650 2077 715 2146 petri
729 2077 762 2130 de
776 2076 882 2131 Marcio.
897 2077 1020 2131 Albertus
1032 2077 1202 2132 Albenerius
1221 2079 1354 2132 lohannes
1366 2078 1440 2132 secia.

275 2163 407 2216 lohannes
426 2180 559 2234 pascuum.
579 2163 740 2218 Guillelmus
758 2165 844 2220 Zedia.
865 2165 977 2220 lacobus
994 2165 1158 2220 strenochus.
1175 2165 1314 2220 Nicolinus
1332 2167 1444 2248 deOBer·

275 2253 350 2320 gerlo
370 2251 489 2305 Rollinus
508 2252 541 2306 de
560 2252 653 2306 Borio.
672 2251 795 2307 Ruliinus
824 2253 958 2308 Cerrutus.
987 2255 1097 2309 lacobus
1129 2253 1285 2308 Molinarius
1303 2255 1388 2309 dictus
1415 2255 1447 2308 si·

276 2340 364 2393 nister.
384 2340 497 2395 Michael
516 2339 627 2394 Solutus.
646 2341 778 2395 lohannes
797 2339 953 2412 Magalinus.
966 2341 1078 2396 Perruca
1091 2341 1214 2412 vignalis
1226 2341 1401 2397 Vercellonus
1413 2345 1447 2396 de

276 2427 374 2482 Sancto
393 2439 475 2498 petro.
494 2427 604 2483 lacobus
622 2428 727 2482 treberi.
745 2428 877 2483 lohannes
896 2430 961 2500 petri
980 2429 1100 2500 vignalis.
1117 2431 1250 2484 lohannes
1263 2431 1341 2485 bulla
1352 2429 1447 2485 lohan-

278 2532 326 2568 nes
344 2516 377 2570 do
395 2517 542 2570 benedicto.
562 2516 711 2586 Stephanus
723 2516 811 2570 lacobi
825 2517 908 2570 Fecie.
922 2516 1050 2571 Girardus
1062 2519 1095 2572 de
1111 2519 1227 2572 Ecclesia
1239 2519 1273 2572 de
1285 2519 1446 2590 ponderatio.

278 2602 461 2657 Bartolomeus
479 2603 664 2674 Contegnitus.
685 2603 777 2657 Petrus
796 2605 929 2674 pecionus.
949 2605 1083 2659 Antonius
1096 2605 1238 2660 laueainus.
1252 2605 1365 2660 Iacobus
1384 2607 1445 2660 For·

279 2691 373 2743 uerius
393 2689 542 2760 Stephanus
561 2692 594 2744 de
612 2691 773 2744 Mediolano
794 2691 924 2744 Henricus
937 2693 1075 2745 Auellana.
1090 2693 1269 2764 Maynlredus‚
1283 2691 1353 2747 lilius
1365 2709 1449 2764 quon·

277 2778 339 2830 darn
359 2777 487 2832 Vbertoni
505 2777 634 2842 Rolande,
653 2779 715 2832 dicti
734 2779 779 2849 bij.
799 2779 948 2849 Stephanus
967 2779 1051 2834 Fecia.
1071 2781 1201 2836 ilenricus
1224 2782 1258 2835 de
1286 2783 1448 2853 pauignano.

278 2864 435 2919 Benedictus
455 2867 488 2920 de
507 2865 630 2920 Ecclesia.
650 2866 779 2920 Martinus
791 2879 818 2920 et
830 2867 944 2921 Iacobus
959 2865 1084 2938 Tolegni.
1097 2868 1228 2923 Martinus
1240 2871 1273 2924 de
1287 2869 1448 2924 Mortiliano.

283 2951 433 3006 Guilelmus
452 2953 564 3008 Mussus
583 2953 693 3008 lacobus
711 2954 850 3008 Albertoni
870 2953 954 3008 Fecie
974 2955 1097 3008 libertus
1116 2956 1281 3010 Zuclrandus
1313 2959 1448 3012 Antonius

279 3043 312 3094 de
331 3041 442 3112 pulitco.
462 3042 605 3096 Vbertinus
623 3041 656 3095 de
675 3041 847 3095 Marendono.
861 3043 980 3096 Andreas
1002 3041 1146 3114 Corregna.
1165 3043 1259 3098 Petrus
1277 3057 1376 3099 tonsus.
1402 3046 1449 3118 Sy·

280 3147 344 3184 mon
364 3141 389 3183 et
410 3129 520 3184 lacobus
539 3129 628 3184 lraues
647 3131 680 3184 de
698 3129 831 3184 durandis.
850 3129 1035 3184 Bartolumeus
1054 3131 1142 3201 Spina.
1156 3131 1249 3186 Petrus
1262 3133 1295 3186 de
1308 3134 1448 3188 hostachio

278 3232 305 3274 et
324 3218 402 3272 frater
421 3217 594 3288 Raymomlus
613 3219 646 3271 de
664 3217 808 3272 Gadaum.
827 3218 956 3273 lordauus
984 3220 1016 3272 de
1047 3219 1173 3272 Marenta
1186 3221 1321 3274 Antonius
1339 3221 1448 3276 Castan-

279 3307 357 3360 tinus
378 3307 561 3360 Bartolomeus
580 3306 662 3359 uenia.
681 3305 792 3360 lacobus
811 3306 981 3376 Fonnagius
1010 3307 1144 3361 Iohannes
1162 3307 1313 3362 Tortolina.
1333 3311 1450 3364 Bouetus

279 3395 368 3449 Sculia
385 3407 412 3448 et
430 3393 526 3448 iratres
546 3394 656 3448 lacobus
674 3394 818 3448 ortolanus
838 3395 987 3449 Bertolinus
1005 3397 1039 3450 de
1053 3395 1135 3466 Jorio.
1156 3397 1279 3450 Antonus
1297 3397 1353 3450 eius
1363 3396 1449 3451 irater.

281 3481 379 3536 Pecorn
398 3482 530 3536 lohannes
559 3483 592 3536 de
617 3483 755 3552 Guiglino.
784 3481 935 3536 Guilelmus
965 3482 1054 3536 Conte
1083 3483 1116 3536 de
1148 3483 1280 3538 Clausala.
1300 3484 1450 3538 Guilelmus

282 3570 446 3624 liarletarius.
466 3571 581 3624 Martino
600 3571 726 3640 giroldus.
746 3569 859 3624 Guietus
879 3571 1045 3625 Meschiatus
1066 3571 1212 3626 Guillonus
1231 3573 1314 3626 Fecit.
1344 3573 1450 3626 Ftance

282 3657 336 3710 sius
355 3657 516 3728 Calegarius
536 3659 679 3712 Vbertinus
709 3659 789 3712 Fella.
822 3658 987 3712 lohanninus
1015 3659 1180 3712 Molinarius.
1212 3660 1345 3714 lohannes
1363 3661 1397 3714 de
1416 3661 1450 3713 bi.

282 3745 385 3816 Sunion
406 3747 497 3800 Turta.
517 3747 640 3800 Matheus
658 3747 750 3800 Turta.
770 3749 905 3801 Antonius
925 3747 1022 3801 Bonini
1041 3747 1140 3800 villani.
1156 3747 1359 3802 Bartholomaeus
1373 3749 1452 3802 irater

282 3833 347 3888 eius
367 3835 520 3889 Albertinus
547 3835 580 3889 de
599 3835 709 3889 Romen.
728 3836 868 3890 Nicolinus
886 3837 919 3890 de
937 3835 1131 3890 Cambunano.
1163 3837 1278 3890 laconrel
1298 3837 1450 3906 Angiarius.

283 3923 418 3976 Antonius
436 3923 562 3976 Matinius
580 3936 606 3976 et
624 3922 702 3976 irater
720 3923 785 3976 eius
805 3923 941 3978 lohannes
959 3924 993 3977 de
1012 3924 1139 3978 Bruuino.
1172 3925 1322 3978 Ardizonus
1342 3925 1437 3978 lexona

284 4009 413 4064 Martinus
431 4011 465 4065 de
483 4011 676 4065 Cambumno.
697 4009 861 4064 Vercellium
879 4012 912 4064 de
930 4011 1014 4064 Serra.
1034 4012 1169 4066 Antonius
1188 4011 1277 4082 Spina
1298 4012 1451 4066 Guilelmus

283 4097 434 4152 Guardelia.
453 4099 575 4152 Ruffinus
593 4099 627 4152 de
645 4098 721 4152 lerea
742 4099 851 4153 lacobus
869 4097 1001 4166 galterius.
1021 4097 1129 4152 Petrina
1147 4117 1213 4152 vxor
1230 4101 1367 4170 quondam
1382 4101 1452 4154 laco

283 4186 357 4240 melli
376 4187 410 4240 de
428 4186 535 4256 Zopibo.
555 4185 684 4240 Marsum
702 4188 736 4240 de
754 4187 833 4240 liena
853 4186 1037 4240 Banolomeus
1055 4188 1088 4240 de
1108 4187 1201 4240 Guala
1216 4189 1335 4240 Andreas
1355 4187 1452 4242 Iohan-

283 4291 331 4330 nes
349 4287 375 4328 et
395 4273 486 4328 Petrus
504 4275 537 4327 de
555 4273 732 4328 Scalurlandis
751 4275 784 4327 de
803 4273 963 4328 Mortilismo.
992 4275 1095 4345 Syrnon
1125 4273 1279 4340 lonnagius.
1312 4275 1453 4328 lacobinus

285 4363 367 4434 golta,
386 4375 411 4416 et
431 4363 522 4416 Pacius
540 4365 597 4432 ejus
617 4363 701 4416 irater.
722 4362 860 4416 lacobinus
879 4377 904 4416 et
925 4363 1016 4416 Petrus
1035 4364 1067 4416 de
1088 4362 1174 4432 Rugia
1193 4365 1226 4416 de
1244 4363 1364 4418 Cossato.
1385 4364 1450 4418 laco
