3926 5542
526 429 578 484 218

527 568 604 621 1447.
626 567 667 620 η.
688 551 818 622 Ianuarii.
1056 583 1063 596 ·

626 641 718 694 Petrus
736 640 806 694 filius
824 643 960 712 quondam
978 641 1082 696 Nobilis
1100 641 1227 696 Iohannis
1247 641 1280 694 de
1298 641 1450 696 Meschiatis
1469 643 1503 696 de
1530 641 1636 714 bugella
1653 660 1691 696 re

588 729 681 800 cipitur
699 731 727 780 iu
744 729 846 798 collegio
863 731 912 782 sub
930 730 1053 783 examine
1072 730 1218 799 peritorum
1237 731 1355 783 virorum
1376 730 1550 784 domiuorum
1563 731 1690 784 IohannIs

589 817 622 869 sle
640 816 760 886 terrarijs,
778 817 905 887 Stephani
924 818 958 870 de
975 816 1096 887 terrariis,
1116 819 1226 885 Antonii
1247 818 1350 870 domini
1371 817 1502 872 Iohannis
1520 820 1629 889 terrarii,
1642 819 1689 872 lo-

588 904 684 957 bannis
702 905 735 958 de
752 903 842 974 spinis,
861 905 926 974 petn'
945 905 1032 969 scalie,
1050 905 1177 974 Stephani
1195 906 1282 969 scalie,
1302 905 1463 958 Bartolomei
1482 907 1561 959 scalie
1580 919 1606 959 et
1626 907 1688 958 Bar·

588 993 698 1046 tolomei
717 993 828 1062 Antonii
849 991 946 1062 terrarij
968 999 994 1044 ut
1009 1003 1055 1063 per
1073 994 1267 1045 instrumentum
1286 994 1383 1045 nobilis
1402 993 1485 1064 Blaxij
1516 995 1549 1047 de
1568 993 1688 1063 terrariis

625 1080 786 1134 Consulibus
805 1079 901 1132 Ortino
920 1080 1019 1133 Villani
1038 1091 1064 1133 et
1082 1082 1206 1133 Antonio
1225 1080 1363 1133 meschiati
1390 1087 1412 1133 et
1441 1082 1541 1134 testibus
1569 1083 1690 1134 Antonio

589 1169 661 1238 rippa
680 1169 713 1222 de
731 1168 884 1222 mortiliano
903 1180 929 1221 et
947 1169 1043 1222 Iacobo
1062 1169 1095 1221 de
1114 1169 1138 1221 la
1158 1169 1221 1222 sella
1240 1170 1273 1222 de
1292 1169 1413 1222 Roncho.

522 1342 597 1395 1447.
619 1342 656 1379 ar.
679 1326 850 1383 ‘Ilavnnbris

624 1415 756 1467 Iohannes
774 1415 852 1467 scalia
871 1417 989 1484 recipitur
1007 1416 1035 1467 in
1054 1416 1155 1485 collegio
1173 1433 1291 1469 consensu
1310 1423 1332 1468 et
1359 1417 1487 1469 voluntate
1514 1417 1637 1470 nobilium
1665 1423 1688 1470 et

588 1505 749 1556 discretorum
767 1504 885 1555 virorum
903 1504 1064 1555 dominorum
1083 1503 1166 1556 Tadei
1186 1506 1219 1556 de
1246 1505 1326 1568 carlo,
1344 1507 1422 1557 ottini
1442 1504 1550 1568 Villani,
1561 1505 1688 1558 Iohannis

590 1593 624 1645 de
642 1590 732 1660 spinis,
751 1591 871 1659 stephani
890 1591 976 1654 scalie,
996 1592 1061 1661 petri
1080 1592 1167 1655 scalie,
1187 1592 1351 1645 Bartolomei
1369 1593 1472 1656 cutelle,
1483 1593 1611 1646 Iohannis
1623 1591 1688 1646 secie

589 1692 615 1732 et
633 1678 755 1748 stephani
774 1679 807 1730 de
826 1677 937 1748 terrariis
955 1681 1155 1732 examinatorum
1174 1680 1313 1744 elertorum,
1325 1687 1353 1732 ut
1358 1691 1404 1750 per
1419 1681 1612 1733 imtrumentum
1623 1680 1688 1750 petri

589 1765 777 1830 demetriane
797 1766 917 1818 Iohanne
936 1767 969 1820 de
988 1767 1069 1836 spinis
1088 1780 1114 1820 et
1133 1768 1305 1820 Bartolomeo
1323 1769 1418 1821 cutella
1437 1769 1587 1832 conmittes,
1605 1775 1627 1820 et
1649 1775 1685 1820 te-

587 1856 665 1908 stibus
683 1867 758 1925 petro
776 1854 892 1918 ferrari0,
911 1856 1044 1924 stephano
1063 1857 1096 1908 de
1114 1856 1185 1908 carlo
1204 1869 1230 1908 et
1249 1857 1351 1925 gilardo
1371 1874 1445 1909 coua„

526 2014 600 2080 1448.
621 2029 658 2065 ar.
677 2013 760 2081 Mais.

623 2103 772 2171 Stephanus
790 2103 823 2154 de
846 2103 1000 2155 comittibus
1019 2103 1052 2155 de
1071 2101 1176 2170 bugella
1195 2103 1314 2172 resipitur
1333 2103 1361 2154 iu
1379 2101 1545 2170 collegiosub
1573 2104 1687 2155 cxonrine

588 2191 657 2244 tadei
676 2192 708 2244 de
727 2191 807 2254 carlo,
826 2191 955 2243 Iohannis
976 2191 1009 2242 de
1028 2190 1149 2259 terrariis,
1168 2191 1270 2242 Antoni
1289 2229 1430 2242 ......
1449 2190 1576 2258 Stephani
1595 2188 1688 2266 ile-ser-

589 2281 670 2350 ranis,
689 2279 754 2348 petri
773 2279 859 2342 stalle,
880 2278 1037 2330 bartolomei
1058 2278 1159 2330 Antoni
1179 2277 1288 2348 serrarij,
1308 2278 1434 2330 iohannis
1453 2277 1517 2331 tocie
1535 2291 1562 2330 et
1575 2279 1687 2332 bartolo-

589 2367 642 2419 mei
660 2367 739 2419 scalie
757 2377 787 2419 ut
804 2383 850 2435 per
868 2366 1076 2417 instrumentum
1095 2366 1200 2418 Nobilis
1218 2365 1289 2418 Petri
1308 2365 1422 2418 Mistiati
1441 2367 1536 2418 notorii
1553 2367 1659 2434 collegii.

622 2455 746 2508 Iohanne
764 2453 839 2523 spina
857 2465 884 2505 et
902 2453 1070 2505 bartolomeo
1089 2453 1185 2506 cotella
1203 2453 1347 2505 consulibus
1364 2453 1463 2522 collegii
1480 2466 1507 2506 et
1526 2455 1625 2505 testibus
1644 2454 1687 2508 Io

587 2542 676 2595 hanne
694 2558 830 2595 carramna
848 2553 874 2594 et
893 2541 1058 2594 bartolomeo
1076 2541 1109 2594 de
1128 2541 1210 2610 piono
1228 2542 1399 2594 servitoribus.

524 2701 600 2768 1448.
619 2717 644 2771 9.
665 2699 738 2769 Iutt'j.

624 2789 716 2841 Petrus
734 2799 813 2840 conte
832 2785 910 2856 (olins
928 2787 961 2839 de
980 2785 1143 2854 Comitibus)
1162 2786 1195 2839 de
1214 2785 1323 2856 Bugella
1342 2787 1461 2857 recipitur
1480 2787 1507 2838 in
1526 2786 1627 2856 collegio
1640 2785 1686 2837 sub

587 2878 699 2930 externiue
718 2875 822 2928 Thadei
840 2876 874 2928 de
892 2875 971 2938 car10,
985 2875 1101 2927 ludouici
1116 2875 1276 2939 Bertoldani,
1288 2875 1469 2927 Bartholomei
1480 2875 1587 2945 terrarii,
1598 2873 1685 2926 Ottini

587 2963 695 3028 villani,
714 2963 842 3033 Stephani
860 2963 947 3026 scalie,
967 2962 1148 3015 Bartholomei
1168 2962 1254 3025 stalle,
1274 2962 1400 3032 Stephani
1420 2963 1453 3014 de
1471 2962 1584 3032 serrarijs
1602 2974 1628 3014 et
1646 2961 1684 3013 lo

587 3053 683 3106 hannis
702 3050 768 3104 fecie
787 3057 814 3102 ut
828 3061 874 3121 per
893 3052 1086 3102 instrumentum
1106 3050 1236 3120 Antltonij
1258 3049 1400 3112 Mesthiati3
1419 3049 1539 3102 Iohanne
1557 3050 1632 3119 spina
1659 3061 1685 3102 et

587 3139 776 3195 Bartholomeo
795 3137 890 3192 cotella
908 3138 1057 3192 consulibus.

590 3342 596 3354 .
634 3300 734 3353 ‚tuti'.

520 3303 587 3367 ¹443
616 3318 753 3458 9Georgius
772 3387 885 3439 villanus
903 3386 936 3437 de
954 3385 1063 3455 Bugella
1082 3386 1201 3456 recipitur
1219 3383 1248 3436 de
1265 3385 1375 3454 collegio.
1395 3384 1536 3453 (Nautium
1555 3385 1681 3438 exonrino·

587 3485 669 3530 torum
687 3483 708 3529 et
726 3475 855 3529 cornutum
875 3475 924 3546 legi
942 3475 1044 3526 minime
1058 3475 1186 3545 possunt).

519 3635 654 3705 1448.17.
677 3635 830 3687 Uecmrhris.

620 3724 753 3776 lohannes
771 3722 840 3775 filius
858 3719 1039 3774 Bartholomei
1058 3719 1155 3790 ferrarij
1175 3720 1209 3772 de
1227 3718 1336 3788 Bugella
1366 3719 1485 3790 recipitur
1514 3719 1542 3770 in
1582 3718 1683 3787 collegio

585 3818 709 3866 constante
727 3813 892 3863 instrumento
910 3815 1000 3878 recepto
1015 3818 1061 3878 per
1080 3807 1201 3860 Blaxium
1220 3809 1254 3859 de
1278 3807 1398 3877 terrariis.

620 3899 756 3969 Stephano
774 3897 852 3951 scalia
871 3909 896 3950 et
915 3911 989 3966 petro
1007 3895 1086 3948 scalia
1105 3895 1256 3948 consulibus.

620 3988 740 4040 Iohanne
758 3987 791 4039 de
810 3985 930 4054 terranis,
949 3985 1086 4054 Stephano
1104 3985 1137 4036 de
1156 3983 1279 4052 terrariis,
1299 3982 1469 4035 Bartolomeo
1487 3980 1591 4044 cotella,
1604 3982 1684 4032 Ame-

585 4076 636 4128 deo
654 4074 758 4138 cotella,
778 4073 917 4126 Ludouico
937 4072 1091 4134 bertodan0‚
1110 4071 1239 4140 stephano
1258 4070 1291 4122 de
1310 4069 1471 4132 comittibus,
1490 4067 1683 4120 lohannetole·

585 4179 649 4232 gn0‚
668 4163 788 4215 Iohanne
806 4159 880 4224 fecia,
900 4160 1089 4212 Bartholomeo
1108 4158 1250 4228 sapellano,
1270 4170 1344 4226 petro
1369 4157 1500 4219 mestiatm
1529 4155 1621 4207 Blaxio
1649 4156 1682 4206 de

585 4249 698 4320 terrarijs
716 4260 742 4302 et
759 4248 895 4302 leronimo
913 4247 1025 4317 Antonij
1046 4246 1144 4316 terrarij
1164 4245 1193 4298 de
1210 4244 1351 4314 collegiati
1369 4243 1590 4298 examinatoribus.
1608 4242 1682 4294 Testi-
