3978 5546
1421 555 1454 620 39

292 668 326 722 de
343 666 394 722 die.
413 667 446 723 Et
464 667 508 739 qui
527 665 708 722 contrafecerit
725 667 811 723 soluat
829 685 877 740 pto
894 668 1014 742 quolibet
1031 681 1057 724 et
1075 669 1191 742 qualibet
1218 670 1277 724 uice
1294 670 1342 724 sol.
1362 671 1394 724 II
1413 687 1455 742 pp.

290 755 413 810 videlicet
430 773 446 810 a
464 755 582 810 kalendis
599 755 672 829 maij.
692 773 776 829 usque
793 757 827 812 ad
844 757 941 812 facttum
959 770 1049 813 sancte
1066 759 1150 814 marie
1167 759 1201 814 de
1218 758 1373 830 septembre.

326 897 386 950 208.
405 896 473 950 Item
491 909 619 951 statutum
637 898 767 970 estquod
784 897 872 970 aliqua
891 916 1003 970 persona
1015 915 1070 954 uon
1083 901 1177 955 debeat
1185 875 1320 970 ¹adaquare
1329 915 1457 954 canentur

290 983 320 1036 In
340 982 443 1037 fossatis
462 983 634 1054 bugellense
663 983 732 1038 intra
749 983 839 1039 locum
870 986 975 1058 bugelle
1001 987 1149 1042 habitatum
1168 987 1258 1058 etqui
1277 985 1458 1040 contrafecerit

290 1069 377 1124 soluat
394 1071 443 1126 sol.
462 1071 494 1124 V.
514 1088 556 1142 pp.
574 1083 602 1126 et
619 1071 741 1127 consules
758 1089 814 1127 oon
833 1073 934 1144 possint
951 1075 1013 1129 dare
1030 1075 1173 1130 licentiam.

330 1227 389 1284 ²⁰9·
408 1211 474 1266 Item
487 1221 614 1267 statutum
633 1225 673 1266 est
686 1213 758 1286 quod
771 1213 859 1285 aliqua
871 1231 982 1284 persona
991 1231 1047 1269 non
1060 1215 1153 1269 debeat
1164 1227 1253 1268 tenere
1264 1213 1372 1286 aliquod
1381 1231 1458 1287 nqua-

293 1301 390 1354 roliutn
409 1300 504 1354 cadens
522 1300 551 1354 in
569 1299 624 1354 vias
642 1299 784 1372 pubblicas.
803 1315 829 1356 et
846 1301 919 1374 quud
937 1302 1024 1374 eliqua
1042 1319 1153 1372 persona
1171 1318 1227 1356 non
1240 1301 1332 1357 debeat
1341 1304 1458 1373 proicere

291 1404 372 1460 aquus
390 1387 424 1440 tle
442 1386 520 1458 lobijs
538 1389 596 1442 siue
614 1387 717 1460 solariis
735 1389 764 1442 iu
783 1389 840 1444 uias
858 1390 975 1460 publicas
993 1405 1042 1474 npc
1061 1390 1088 1442 in
1107 1391 1274 1461 portucubus
1293 1389 1327 1444 Et
1338 1389 1383 1462 qui
1397 1407 1459 1444 con·

294 1473 424 1529 trafecetit
441 1474 528 1530 soluat
546 1477 664 1530 bannum
683 1476 731 1530 sol.
750 1477 877 1550 quiuque.
896 1491 923 1533 et
940 1477 1142 1551 quisquepossit
1154 1493 1287 1532 accussare
1299 1489 1325 1532 et
1337 1477 1458 1533 consules

290 1579 345 1618 non
364 1563 465 1634 possint
483 1563 545 1618 dare
569 1563 710 1618 licentiam.

330 1701 389 1742 aro.
408 1685 475 1740 Item
494 1699 621 1742 statutum
640 1701 678 1742 est
697 1689 769 1760 quod
796 1688 884 1743 nullus
912 1690 1004 1744 debeat
1022 1689 1106 1744 facere
1133 1689 1266 1762 dequoqui
1294 1687 1372 1744 fedas
1390 1689 1457 1749 intra

294 1771 385 1828 locum
403 1773 509 1846 bugelle
527 1775 674 1830 habitatum
693 1793 742 1830 uec
760 1777 824 1830 cina
842 1777 945 1832 canales
957 1777 1056 1850 garelle
1066 1793 1116 1832 nec
1125 1778 1189 1832 citra
1201 1789 1321 1832 mactum
1332 1777 1456 1832 blasium.

293 1878 342 1915 nec
360 1879 406 1934 per
423 1875 527 1916 tantum
546 1862 665 1934 spacium
684 1881 764 1936 prope
783 1865 925 1938 bugellarn.
945 1866 978 1920 Et
990 1867 1036 1939 qui
1048 1865 1229 1920 contrafecerit
1241 1866 1328 1918 soluat
1339 1863 1387 1918 sol.
1398 1863 1455 1918 XX.

294 1965 336 2020 pp.
355 1961 382 2003 et
399 1948 521 2005 consules
539 1966 594 2004 non
613 1953 714 2021 possint
732 1953 793 2006 dare
811 1952 946 2008 licentiam
964 1953 1007 2024 (1)
1034 1953 1118 2008 silicet
1136 1969 1184 2025 pro
1210 1951 1326 2024 qualibet
1344 1951 1388 2006 die
1405 1967 1457 2023 qua

291 2037 443 2110 decoquerit
461 2037 539 2092 fecias
557 2038 600 2092 uel
619 2038 731 2112 decoqui
750 2039 840 2096 fecetit
857 2041 944 2096 soluat
962 2039 1107 2114 predictum
1127 2041 1252 2096 bannuna
1272 2041 1315 2112 (1)

325 2191 384 2230 211.
403 2178 446 2247 (2)
464 2177 531 2232 Item
551 2189 679 2232 statutum
697 2189 736 2232 est
754 2180 826 2250 quod
844 2179 934 2234 nullus
952 2181 1046 2234 debeat
1063 2193 1153 2235 tenete
1171 2197 1220 2235 uec
1238 2179 1353 2236 alleuare
1369 2181 1457 2252 agnel-

290 2263 346 2318 lum
365 2281 415 2322 nec
432 2265 553 2334 agnellos
572 2265 601 2319 in
631 2265 712 2337 plano
740 2267 835 2320 necin
866 2267 952 2338 placio
969 2285 985 2322 a
1003 2283 1079 2338 pasca
1109 2267 1305 2323 resurrectionis
1323 2267 1456 2339 usquead

290 2350 385 2406 festum
404 2353 493 2407 Sancti
512 2353 656 2408 Michaelis
676 2352 743 2408 ultra
761 2367 823 2408 octo
841 2355 897 2409 dies
915 2369 941 2410 et
960 2355 1005 2428 qui
1024 2367 1114 2410 conns
1132 2354 1221 2409 fecerit
1239 2355 1325 2410 soluat
1337 2357 1454 2410 bannim

289 2441 336 2494 sol.
355 2440 388 2494 V.
407 2458 449 2511 pp.
468 2453 494 2496 et
513 2442 635 2496 consules
653 2459 709 2497 non
728 2443 829 2514 possint
849 2443 911 2498 date
929 2443 1075 2498 licenciam.

327 2595 386 2635 212.
405 2581 472 2636 ltem
491 2595 618 2638 statutum
636 2596 676 2637 est
693 2597 719 2638 et
737 2583 889 2638 ordinatum
907 2585 979 2656 quod
997 2583 1085 2658 aliqua
1103 2601 1214 2656 persona
1231 2601 1288 2640 nou
1306 2583 1388 2656 possit
1406 2599 1455 2638 nec

289 2669 381 2723 debeat
399 2681 489 2724 tenere
507 2687 556 2725 nee
573 2671 688 2726 alienare
705 2671 806 2744 aliquas
823 2671 914 2726 salices
926 2671 994 2726 intra
1006 2671 1153 2726 clausurnn
1172 2671 1244 2742 plani
1261 2671 1306 2725 uel
1316 2671 1392 2742 placij
1403 2671 1454 2724 nisi

293 2755 406 2810 scoluatn
425 2769 451 2812 et
469 2769 612 2829 strumpatn
631 2757 728 2814 fuerint
745 2759 821 2814 omni
839 2775 919 2814 anno.
938 2759 1027 2830 etqui
1046 2759 1227 2814 contrafecerit
1237 2759 1323 2814 soluat
1335 2775 1383 2830 pro
1391 2775 1455 2830 quo·

288 2844 351 2900 libet
369 2857 396 2899 et
414 2845 530 2918 qualibet
548 2845 607 2900 uice
623 2846 672 2901 sol.
691 2847 724 2900 X.
743 2863 785 2918 pp.

323 2999 382 3055 213.
401 2985 468 3040 Item
490 2997 618 3040 statutum
630 2999 669 3040 est
681 2987 753 3058 quod
766 2985 855 3041 nullus
867 2987 960 3040 debeat
971 3003 987 3044 a
999 2988 1119 3042 terminis
1131 2987 1222 3060 positis
1234 3005 1282 3060 pru
1293 2987 1455 3044 diffiniendis

289 3073 364 3126 terris
382 3087 408 3127 ct
426 3073 636 3144 possessionibus
654 3074 830 3145 singularium
850 3075 993 3128 hominum
1011 3075 1045 3128 de
1064 3075 1168 3146 bugella
1186 3093 1202 3129 a
1220 3075 1322 3130 fossatis
1341 3089 1366 3129 et
1378 3087 1456 3129 terra·

288 3161 359 3231 guijs
378 3161 535 3216 fossatorum
554 3161 626 3233 plani
645 3162 757 3234 bugelle.
778 3179 861 3233 usque
879 3163 911 3216 ad
938 3162 1083 3216 maneriam
1112 3175 1138 3218 et
1156 3181 1171 3218 a
1190 3164 1305 3218 maxeria
1324 3163 1452 3234 usquein

287 3247 370 3303 fundo
388 3249 464 3304 fosati
484 3267 499 3303 a
518 3263 590 3320 purte
608 3251 738 3304 exteriori.
757 3267 850 3304 cauare
878 3267 968 3321 sapore
995 3251 1111 3321 plantare
1137 3251 1258 3306 claudere
1286 3267 1334 3304 nec
1352 3250 1453 3320 aliquas

286 3337 390 3390 arbores
408 3337 451 3390 uel
464 3337 565 3408 plantas
579 3351 677 3392 tenere.
691 3355 740 3392 nec
760 3338 882 3393 alienare.
895 3355 944 3392 nec
962 3340 1106 3394 maneriam
1125 3339 1167 3394 uel
1181 3339 1310 3410 spinatum
1320 3338 1453 3390 datruere

287 3424 328 3478 uel
347 3437 475 3496 guastura
494 3441 544 3480 nec
562 3425 630 3496 ipsas
650 3427 767 3480 transire.
783 3443 832 3480 nec
851 3426 949 3497 lapides
966 3426 1125 3481 fossatomm
1136 3437 1275 3498 asportare.
1294 3423 1452 3493 necinipsis

288 3510 389 3566 fossatis
407 3523 497 3567 tenere
515 3513 595 3568 duces
613 3531 662 3568 nec
680 3515 829 3586 aquarolios
848 3531 896 3568 uec
914 3513 1017 3568 candes
1036 3531 1134 3586 ponere
1152 3529 1201 3568 nec
1219 3513 1282 3582 poni
1301 3511 1385 3566 facere
1403 3525 1452 3564 uec

286 3611 377 3655 tenere
394 3617 443 3656 uec
461 3601 563 3675 aliquid
583 3605 617 3657 de
634 3618 708 3656 nouo
726 3602 798 3674 quod
816 3601 917 3672 peioret
935 3601 978 3656 uel
997 3600 1115 3656 deuastet
1133 3601 1187 3672 ipsa
1206 3599 1301 3654 fossata
1319 3599 1362 3653 uel
1381 3597 1450 3652 forti·

286 3687 354 3742 litias
372 3687 464 3744 facere.
483 3691 517 3745 Et
535 3691 582 3763 qui
601 3689 782 3746 contrafecerit
800 3689 827 3744 in
846 3689 937 3760 aliquo
955 3689 1131 3760 predictorum
1149 3688 1235 3742 soluat
1266 3688 1383 3740 bannum
1404 3701 1450 3756 pro

287 3775 404 3848 quolibet
422 3789 448 3832 et
466 3777 585 3849 qualibet
602 3779 659 3832 vice
677 3777 725 3832 sol.
741 3777 796 3832 tx.
810 3793 852 3846 pp.
865 3787 891 3830 et
908 3775 1018 3848 quilibet
1031 3777 1112 3846 possit
1129 3791 1250 3830 accusare
1261 3785 1287 3828 et
1296 3773 1451 3826 denuntiare

287 3863 411 3932 priuatim
431 3876 457 3919 et
476 3866 571 3936 palem.
590 3879 617 3921 et
634 3879 724 3920 tenere
742 3864 939 3919 denuntiatores
958 3875 984 3916 et
1002 3875 1164 3917 accusatores
1183 3863 1306 3932 priuatos
1318 3859 1450 3914 ethabeat

287 3951 395 4006 terciam
414 3965 515 4024 partem
534 3955 614 4008 banni
632 3965 767 4008 accusator
784 3965 810 4008 et
828 3951 1005 4006 denuntiator.
1024 3963 1051 4006 et
1068 3952 1101 4005 de
1119 3967 1173 4022 quo
1186 3951 1274 4004 banno
1287 3947 1360 4002 nulla
1369 3947 1450 4018 possit

287 4035 343 4093 fieti
361 4041 457 4111 gracia
476 4053 502 4096 et
520 4041 642 4096 consules
659 4053 799 4096 teneantur
817 4039 948 4110 inquirere
966 4039 988 4092 si
998 4039 1035 4092 eis
1048 4037 1125 4092 fuerit
1138 4037 1367 4092 denuntiatumet
1378 4033 1451 4106 quod

286 4141 340 4180 non
360 4129 441 4198 possit
460 4129 523 4200 poni
543 4129 570 4182 ln
590 4129 721 4183 credentia
739 4129 811 4199 quod
830 4129 930 4182 dictum
949 4139 1077 4181 statutum
1096 4126 1268 4196 dispensetur.
1286 4135 1313 4178 et
1324 4121 1448 4194 ompanj

313 4303 341 4352 (ι)
357 4303 385 4352 (11
400 4303 493 4354 Mitttio
508 4303 616 4355 posterior.

312 4373 340 4424 (a)
356 4371 453 4414 natam
468 4385 512 4427 cap.
527 4385 578 4428 quae
593 4372 743 4426 subsequuntur
758 4375 876 4428 posterioris
891 4383 938 4415 sunt
952 4373 1004 4422 aevi,
1019 4381 1039 4414 et
1053 4371 1142 4414 ululatio
1156 4371 1220 4414 literis
1235 4369 1346 4414 initislibns
1360 4377 1436 4412 carcat.
