4040 5540
256 536 1418 611 aolmtpmqnohhtetqmlileanioesilaeitdediemlffimetdenom

256 626 935 699 diii-fflitsnpultiisomilmmwles
963 643 1104 682 tmeannn
1129 627 1418 698 inquimeetlm

255 713 1417 786 im(1)omnesquoeantiileintluxisse(1)etetiammnnstestesnnas-

256 801 1185 875 mioepuquoepunixrepuffimimaepredmetm
1210 817 1419 858 mmet

255 887 731 962 damnanufainametmpu
756 909 851 945 eornm
877 893 1125 945 denuntiationibus
1151 903 1178 944 et
1206 893 1418 945 masauoniboe

256 975 1419 1051 buteetdtligmniquirueetqnisnpnhiisimareoolneritdeueriunedi

255 1064 1113 1139 mhaoluathannumsoll'.pnetpostniuretetq11i
1141 1067 1417 1137 pumisetitludiad

254 1153 1418 1227 aliqmmuiptmumludomminaliquapmaeffimtntsoeudomoinqua

255 1241 1418 1313 humunmlmtdediesotut(2)adenonesolht(meamea

256 1329 1419 1402 dommiueaediminqnanelinquolusumlnenitsituidatainbannoper

256 1418 367 1472 nundus
383 1419 582 1472 nummisinlra
598 1420 727 1474 infidias
744 1433 885 1490 postquam
903 1420 1087 1472 seiuuintlta
1104 1421 1177 1489 quod
1195 1419 1233 1471 soi
1250 1435 1307 1471 non
1325 1419 1419 1472 (lebat

255 1506 335 1559 uadi
351 1507 427 1576 μὴ
442 1523 493 1560 net
510 1509 605 1561 uinum
623 1525 673 1560 net
690 1507 1033 1577 aliquidaliud(3).1nfn
1051 1525 1137 1560 unum
1153 1523 1254 1560 annum
1269 1519 1419 1577 atempote

256 1592 326 1646 eride
336 1605 364 1648 et
374 1593 581 1648 imbandationis
598 1595 674 1648 facte.
691 1607 719 1648 et
735 1596 758 1648 si
770 1595 892 1648 habitans
903 1597 1002 1648 dictam
1015 1596 1128 1648 domum
1140 1594 1189 1648 im
1198 1595 1231 1647 ad
1243 1593 1418 1648 habitandum

256 1677 335 1734 aliam
352 1681 473 1736 domm
491 1682 635 1753 illaquam
648 1683 742 1736 iretad
755 1683 929 1736 habitandum
942 1683 976 1736 sit
988 1683 1148 1736 imbundata
1160 1683 1246 1735 donet
1258 1680 1337 1735 luexit
1347 1697 1419 1734 eom-

256 1765 340 1838 pletas
349 1786 436 1823 annos
446 1771 561 1840 pedicae
569 1773 641 1825 eride
651 1783 678 1824 et
690 1772 896 1824 imbandationis
907 1770 983 1824 laete
995 1783 1022 1824 et
1033 1771 1085 1824 alia
1096 1771 1125 1824 in
1138 1786 1190 1842 qua
1199 1769 1271 1840 prius
1283 1769 1419 1822 habitabat

256 1855 1420 1930 sitlibffaetabsolutaitaquodibilibeteumdipoentssletquodnullusdebeat

256 1959 344 1997 emere
355 1946 477 1998 eadee.
490 1947 533 2000 uel
546 1949 716 2000 mutandam
726 1964 789 2000 cum
801 1964 843 2000 eo.
855 1948 940 2018 etqui
952 1946 1101 2000 uendidetit
1112 1945 1156 1998 nel
1170 1945 1265 2000 emetit
1278 1945 1378 2016 aliquid
1389 1945 1418 2000 in

256 2031 1420 2105 predictispertmumtempmnommconsnhtmsolmtpmqualibetuioeu'mileban

256 2120 593 2176 nnmEteonsulesnon
611 2121 1417 2192 possintdaielicenciamsetteneanturloquireteutsupaa

256 2208 1419 2280 supaomnibmcumsammmtoeesinesammentnsstsialiqusoepmbatus

257 2293 1420 2368 luuitfedsoeconnapredinapostquamdeprimauioelueritoepmbauaspor-

256 2393 344 2436 tenuu
360 2383 428 2438 ostia
444 2385 503 2438 sine
519 2398 594 2456 porte
612 2386 709 2440 domus
727 2386 820 2456 inqua
832 2386 921 2439 lusum
933 2385 1019 2438 luent.
1032 2386 1155 2456 ltaquod
1167 2402 1223 2438 non
1236 2385 1420 2456 poenttmere

256 2469 1419 2544 ostiasiuepottasindictadomopertommtempusconsulatusinquolusum

256 2555 1214 2632 luexitnoenciampomltstarealiquisinipnadomo(4).thuoddicta
1230 2559 1420 2614 domossitin

256 2645 345 2700 banno
361 2663 379 2700 a
395 2646 439 2700 die
456 2647 528 2702 eride
545 2647 853 2719 lacteusqueadvnum
865 2665 967 2703 annum
980 2647 1354 2718 continuumetoompletum
1367 2647 1419 2716 (4).

294 2783 351 2852 176.
369 2785 437 2840 Item
455 2797 583 2840 statutum
600 2799 640 2840 est
658 2787 731 2858 quod
748 2787 795 2858 qui
813 2787 917 2842 lussetit
934 2788 968 2841 ad
987 2799 1088 2859 rayetas
1106 2787 1149 2841 uel
1167 2804 1214 2857 par
1231 2797 1258 2839 et
1269 2785 1363 2856 dispar.
1375 2783 1420 2838 uel

256 2869 335 2925 listas
353 2873 397 2926 uel
414 2874 448 2927 ad
465 2873 583 2944 aliquem
600 2875 685 2929 alium
703 2875 805 2928 ludum.
816 2887 926 2946 excepto
937 2877 971 2928 ad
983 2875 1085 2930 tabulas
1103 2887 1130 2930 et
1147 2874 1248 2928 sachis
1258 2874 1286 2928 ln
1300 2873 1419 2946 platheis.

255 2959 342 3014 soluat
358 2977 407 3032 pro
424 2960 543 3033 quolibet
560 2974 588 3016 et
604 2961 723 3033 qualibet
740 2963 799 3018 uice
816 2963 866 3017 sol
884 2963 1004 3034 quinque
1021 2979 1064 3034 pp.

294 3113 351 3168 177.
369 3101 438 3156 Itan
455 3113 583 3158 statutum
600 3103 730 3173 estquod
748 3103 837 3174 aliqua
866 3119 978 3173 persona
1004 3119 1061 3157 noo
1079 3103 1173 3158 debeat
1190 3103 1252 3156 dare
1270 3101 1358 3156 bibere
1375 3101 1419 3155 uel

257 3188 394 3242 cometiae
411 3189 541 3243 auxilium
560 3189 604 3242 uel
619 3190 752 3261 Juuanem
769 3190 849 3244 alicui
867 3191 978 3244 bannito
995 3191 1119 3244 comunis
1136 3189 1242 3260 bugelle
1260 3189 1311 3258 (3).
1330 3201 1356 3242 et
1373 3189 1419 3258 qui

257 3285 324 3327 stare
341 3276 493 3345 permixflit
505 3277 548 3331 uel
567 3278 671 3332 duxerit
688 3295 779 3331 sectam
797 3279 914 3348 aliquem
933 3278 1073 3332 bannitum
1085 3278 1208 3330 comunis
1219 3287 1247 3330 et
1257 3275 1420 3346 intelligatur

257 3371 312 3415 tam
329 3363 362 3416 de
379 3363 455 3417 vxori
473 3363 740 3420 liliisetdelamilia
758 3365 850 3420 Etille
867 3365 914 3437 qui
931 3365 1205 3420 dederiteisdomum
1222 3362 1366 3416 adfictum
1384 3373 1420 3416 te

258 3462 352 3503 nentur
369 3466 416 3504 eos
432 3452 562 3522 expellere
580 3451 648 3506 infra
665 3453 728 3506 VIII
746 3453 802 3507 diet
815 3465 954 3523 postquam
968 3453 1006 3506 eis
1017 3452 1203 3507 denuntiatum
1215 3449 1347 3520 luesitper
1358 3465 1420 3504 con·

257 3535 326 3590 sulen
343 3549 371 3590 et
387 3549 512 3592 tenenmr
529 3539 562 3592 ed
581 3539 694 3594 debeant
705 3539 809 3594 soluere
820 3540 844 3594 si
855 3555 902 3592 eos
915 3555 971 3593 non
983 3539 1132 3608 expulerint
1143 3537 1211 3592 infra
1224 3537 1370 3590 terminum
1381 3537 1420 3590 eis

257 3625 406 3694 asignamm
423 3626 516 3680 omnia
534 3627 622 3680 banna
633 3643 685 3698 que
697 3627 806 3681 haberet
817 3628 943 3680 bannitus
961 3639 987 3679 et
1004 3627 1028 3680 si
1045 3627 1142 3680 domus
1154 3637 1221 3678 unet
1233 3625 1334 3678 banniti
1346 3623 1418 3694 quod

257 3712 378 3765 consules
395 3729 458 3766 cuna
475 3713 528 3768 illis
545 3714 579 3768 de
597 3715 726 3768 conscilio
743 3725 771 3768 et
788 3713 945 3767 officialibus
963 3725 1102 3766 teneantur
1119 3713 1158 3765 ire
1175 3712 1208 3765 ad
1226 3711 1338 3765 domum
1357 3712 1419 3765 ban·

257 3798 306 3852 niti
323 3811 351 3854 et
367 3811 500 3872 asportate
517 3802 605 3856 hostia
623 3803 661 3856 ita
678 3802 750 3874 quod
769 3801 797 3854 in
815 3817 846 3854 aa
864 3817 921 3855 non
939 3801 1023 3872 possit
1039 3799 1134 3870 aliquis
1151 3799 1277 3854 habitare
1295 3799 1329 3852 Et
1346 3799 1418 3870 quod

257 3886 362 3943 nullum
380 3888 464 3959 possit
481 3887 596 3960 allegare
613 3889 792 3961 ignorantiam
811 3887 863 3958 (3).
880 3889 915 3943 Et
932 3888 978 3960 qui
996 3886 1178 3943 contrafecerit
1195 3886 1282 3941 soluat
1299 3887 1419 3942 bannum

293 4061 313 4166 :l
327 4059 807 4157 &emmau

283 4060 349 4272 ill
371 4167 642 4275 emm
656 4219 703 4262 n.
716 4218 800 4261 tu..

310 4321 392 4368 satu.
407 4345 430 4357 ·-
448 4336 466 4368 ι.
