3958 5540
1426 547 1461 602 99

331 667 373 722 70.
392 652 460 706 ltent
479 653 551 723 quod
570 652 615 705 ille
632 653 707 708 cuius
726 653 805 708 luerit
822 654 952 724 possessio
970 655 998 708 in
1016 671 1068 726 qua
1087 655 1212 710 inuentus
1236 653 1313 708 luerit
1331 653 1460 710 terminus

293 741 450 795 arenehatus
468 741 519 796 nisi
538 742 590 796 hoe
608 740 675 794 infra
693 741 784 796 1n10‘.
803 743 860 796 dier
878 742 1079 798 denunciauerit
1096 743 1257 798 consulibus
1285 741 1372 798 soluat
1389 743 1458 796 ban-

293 847 362 886 num
380 829 528 886 solidorum
547 830 580 884 V.
600 830 773 901 papiensium

622 1039 662 1079 11.
681 1023 730 1078 DE
748 1023 934 1079 INCENDIO.
955 1055 987 1066 -
1007 1023 1061 1078 Fol.
1079 1039 1135 1080 ext.

333 1219 425 1288 71.1n
444 1217 537 1290 primis
555 1229 682 1272 statutum
701 1219 830 1289 estquod
848 1217 893 1290 qui
912 1218 1028 1290 posuerit
1047 1217 1089 1272 uel
1117 1219 1181 1289 poni
1211 1217 1301 1273 lecerit
1319 1219 1410 1291 ignem
1429 1220 1457 1274 in

294 1313 448 1369 nemoribus
466 1309 552 1364 soluat
570 1307 649 1362 libras
667 1306 700 1360 X.
718 1305 884 1377 papiensium
903 1307 952 1376 (t).
983 1307 1017 1361 Et
1045 1307 1163 1361 restituat
1180 1307 1299 1377 dapnurn
1317 1321 1343 1362 et
1361 1308 1382 1362 si
1402 1325 1457 1364 non

292 1415 360 1456 esset
377 1399 508 1454 soluendo
526 1407 677 1466 amputetur
694 1394 743 1446 sibi
761 1394 858 1448 auricla
876 1393 917 1464 (ι)
936 1395 969 1448 Et
986 1395 1007 1448 si
1027 1395 1143 1464 posuerit
1161 1395 1203 1448 uel
1231 1395 1295 1466 poni
1322 1394 1411 1452 lecerit
1429 1397 1456 1450 in

175 1495 182 1510 '
291 1490 379 1560 aliqua
397 1488 480 1541 domo
498 1485 539 1539 vel
558 1484 659 1537 cassina
677 1495 749 1536 extra
767 1481 902 1535 lortilicias
919 1494 987 1536 terre
1006 1481 1118 1552 bugella
1147 1481 1241 1536 Soluat
1270 1481 1348 1536 libras
1366 1484 1407 1553 (2)
1426 1483 1456 1537 L.

292 1575 465 1646 papiensium.
484 1572 525 1643 (ς)
542 1572 576 1625 Et
603 1571 722 1625 restituat
750 1570 876 1638 dapnum.
904 1569 977 1624 Etsi
996 1585 1052 1623 non
1072 1581 1140 1624 esset
1157 1569 1288 1625 soluendo
1306 1583 1457 1643 amputetur

290 1665 339 1718 sibi
359 1680 404 1734 pes
422 1663 455 1716 Et
473 1671 599 1732 perpetuo
618 1659 759 1714 banniatur
776 1659 824 1730 (ς).

326 1837 369 1892 72.
388 1823 455 1876 Item
474 1820 507 1874 Et
524 1819 546 1874 si
566 1819 682 1890 posuerit
699 1818 742 1873 uel
762 1817 826 1889 poni
846 1817 935 1872 lecerit
953 1817 981 1870 in
1000 1815 1091 1888 aliquo
1109 1816 1227 1889 paglario
1254 1816 1295 1872 vel
1314 1835 1382 1884 men,
1402 1819 1455 1874 leni

290 1910 393 1981 stipula.
413 1907 518 1980 partiali,
537 1907 697 1978 melegacijs‚
715 1907 757 1960 vel
776 1906 856 1976 lignis
875 1917 947 1980 extra
966 1905 1048 1960 dictas
1066 1904 1202 1959 fortilicias
1219 1904 1306 1960 soluat
1319 1906 1360 1977 (4)
1379 1907 1456 1960 libras

291 2000 322 2052 X.
342 1999 390 2068 (ι).
409 1999 444 2051 Et
462 1997 581 2051 restituat
598 1997 724 2066 dapnum.
743 1995 776 2048 Et
794 1996 815 2049 si
835 2011 890 2048 non
909 2005 976 2048 esset
994 1992 1124 2048 soluendo
1142 1992 1282 2066 fustigetur
1299 2012 1345 2067 per
1359 2007 1455 2049 terram

293 2089 325 2142 Et
343 2099 393 2140 stet
413 2085 446 2140 ad
466 2085 594 2139 berlinam
614 2100 659 2155 per
677 2083 748 2138 diem
767 2083 815 2154 (1).

326 2175 359 2230 Et
377 2175 399 2228 si
418 2173 534 2244 posuerit
551 2171 595 2226 uel
613 2171 677 2242 poni
697 2170 785 2224 lecerit
805 2171 874 2224 intra
892 2168 1029 2226 lortilicits
1041 2169 1147 2242 bugelle
1159 2169 1246 2224 soluat
1258 2169 1336 2226 libras
1348 2171 1388 2242 (5)
1398 2169 1454 2226 CC„

290 2275 317 2317 et
335 2262 454 2316 restituat
472 2260 618 2331 dampnum
637 2271 663 2312 et
681 2271 807 2330 perpetuo
826 2259 859 2312 sit
878 2257 1001 2312 bannitus
1020 2269 1046 2312 et
1064 2257 1185 2312 exclusus
1202 2259 1235 2312 ab
1254 2258 1329 2312 omni
1351 2259 1454 2314 honore

289 2351 351 2406 dicti
370 2348 493 2404 comunis
511 2347 551 2418 (ι)
570 2359 596 2402 et
614 2346 636 2400 si
655 2363 711 2402 non
729 2359 797 2400 esset
814 2345 945 2401 soluendo
971 2347 1141 2400 comburatur
1158 2345 1207 2418 (1).

323 2523 365 2578 73.
385 2508 451 2561 Item
470 2506 542 2576 quod
561 2505 582 2557 si
601 2521 633 2558 ex
652 2505 819 2574 negligencia
838 2503 881 2558 uel
900 2503 976 2574 eulpa
994 2503 1104 2558 alicuius
1123 2503 1230 2574 aliquod
1243 2503 1397 2559 incendium
1410 2523 1450 2559 or-

288 2609 345 2650 turn
364 2595 442 2649 luerit
460 2613 492 2648 ex
511 2611 565 2664 quo
594 2593 838 2662 vnus1uelplures
856 2593 1002 2661 dampnum
1030 2593 1218 2646 substinuerint
1236 2591 1273 2646 illi
1293 2593 1338 2664 qui
1357 2593 1453 2648 luerint

288 2684 406 2754 inculpa
425 2681 467 2736 uel
486 2681 653 2752 negligencia
672 2681 737 2734 illud
757 2681 828 2734 iuxta
847 2679 981 2735 facultates
991 2696 1050 2732 suas
1068 2695 1116 2751 pro
1135 2693 1189 2734 rata
1207 2681 1354 2752 dampnum
1373 2683 1453 2752 passis

288 2772 423 2826 restituere
440 2781 568 2824 teneamr.
587 2768 668 2822 Etsi.
688 2807 695 2822 .
714 2808 722 2822 .
740 2807 748 2822 .
768 2809 774 2822 .
794 2769 842 2838 (6),

323 2925 365 2980 74.
385 2911 452 2964 item
471 2909 542 2980 quod
561 2908 669 2980 quando
687 2907 800 2962 oriretur
826 2907 933 2980 aliquod
961 2907 1115 2964 incendium
1142 2907 1170 2961 in
1199 2906 1304 2980 bugella
1330 2909 1452 2964 consules

287 3015 431 3070 campanas
449 2997 546 3068 pulsari
566 2995 662 3050 iaciant
680 2996 713 3050 ad
732 2995 886 3050 §tremitum

323 3162 365 3214 75.
385 3145 452 3198 ltern
470 3144 543 3216 quod
562 3155 625 3197 tune
655 3143 831 3198 incontinenti
859 3143 892 3198 ad
912 3155 998 3214 portas
1016 3141 1139 3198 comunis
1157 3141 1190 3196 Et
1208 3141 1342 3197 lortilicias
1359 3157 1450 3198 eusto-

286 3235 396 3288 diandas
414 3233 559 3286 seruientes
576 3231 670 3286 mirere
687 3243 835 3286 teneantur.

323 3391 365 3462 76.
384 3391 456 3444 ltem
475 3391 547 3460 quod
566 3389 656 3443 statim
674 3391 771 3444 mitant
789 3407 838 3460 pro
856 3391 930 3462 rugia
948 3391 981 3444 ad
1000 3391 1090 3444 locum
1109 3391 1223 3460 incendii
1243 3391 1406 3444 destinanda
1419 3391 1452 3446 lit

286 3481 318 3534 ad
339 3481 391 3534 hoe
410 3479 488 3532 omni
506 3493 580 3532 anno
598 3478 665 3532 duos
683 3479 808 3533 homiues
826 3479 938 3534 debant
956 3479 1073 3551 deputari
1092 3479 1138 3552 qui
1158 3479 1244 3533 iurant
1262 3479 1314 3532 lroc
1341 3478 1452 3533 fideliter

287 3584 430 3623 excercere

324 3725 366 3779 77.
385 3709 452 3764 ltent
471 3710 543 3780 quod
561 3724 656 3764 omnes
673 3709 787 3764 debant
804 3709 874 3764 bona
893 3707 945 3764 fide
970 3709 1009 3764 ire
1027 3709 1095 3764 intrs
1113 3709 1202 3762 locum
1230 3707 1336 3778 bugelle
1352 3709 1386 3763 ad
1405 3709 1449 3763 in-

288 3799 413 3854 cendium
431 3797 651 3870 exanguandum.
669 3797 725 3852 Sub
744 3799 833 3852 banno
851 3797 999 3854 solidorum
1016 3797 1041 3854 X
1065 3796 1237 3870 papiensium

312 4081 384 4134 tuot
399 4089 419 4121 et
432 4081 465 4132 (tl
479 4081 508 4132 ttl
524 4077 589 4120 Vei·
602 4079 705 4134 putatu
719 4079 805 4121 “¹²0⁸-

312 4153 338 4198 (ι)
354 4150 454 4190 Numerus
470 4151 492 4190 l..
508 4152 610 4204 posterius
622 4160 642 4190 et
656 4150 704 4190 loeo
719 4163 776 4190 nura.
792 4148 838 4191 XX.
853 4150 940 4203 scriptas
954 4159 993 4190 est.

310 4226 341 4270 141
356 4221 418 4260 ΙιιΙυ
433 4222 528 4260 librarum
544 4221 562 4261 Χ
576 4223 686 4274 posterius,
701 4231 720 4260 et
736 4221 783 4260 loeo
797 4220 836 4260 sol.
852 4219 877 4261 C.
892 4233 926 4274 pp.
942 4223 1016 4274 scripu
1029 4232 1068 4262 est.

312 4293 346 4343 (ς)
359 4291 459 4330 Numerus
474 4290 509 4332 CC
523 4294 633 4346 posterius,
648 4301 668 4333 et
682 4291 730 4332 loeo
744 4303 800 4332 aum.
816 4290 839 4334 l..
855 4293 940 4346 scriptas
955 4301 994 4334 est.

315 4363 342 4412 (6)
359 4363 424 4402 Luem
439 4375 523 4403 neunt.
