4040 5540
1410 477 1441 538 3⁷

313 609 407 646 ¹rmcn.
425 593 454 646 in
472 592 516 647 die
530 591 604 662 louis
621 609 671 646 nec
688 592 717 646 iu
735 592 780 646 die
797 589 939 647 dominica
957 602 984 647 et
1002 586 1047 664 qul
1065 587 1167 648 contra'
1183 591 1273 646 lecerit
1290 589 1376 646 soluat
1393 603 1442 662 pro

284 681 402 750 quolibet
419 693 445 735 et
463 680 580 752 qualibet
597 681 656 735 uice
673 681 722 735 sol.
740 681 773 736 X.
793 698 835 754 pp.

323 838 379 891 195.
399 823 467 876 Item
484 833 612 875 stamtum
630 834 656 876 et
674 822 826 876 ordiuntum
844 833 883 876 est
900 823 973 894 quod
990 820 1079 893 aliqua
1096 837 1208 892 persona
1225 837 1282 876 non
1300 822 1394 877 debeat
1411 819 1446 874 fa-

290 927 343 962 ·ere
360 909 477 980 aliquam
495 909 626 963 sulcumm
643 925 693 964 nec
712 909 806 964 bestias
824 910 956 964 excoriare
973 925 1023 964 nec
1040 925 1147 964 scnnare
1164 925 1214 963 nec
1225 909 1305 963 ctiam
1318 909 1447 979 applicare

287 1015 333 1049 ==ec
352 996 492 1066 applicatos
509 1009 599 1052 tenere
616 1013 665 1051 nec
683 998 754 1052 corIa
771 1013 850 1068 super
867 997 956 1051 baucis
973 1009 1063 1052 tenere
1080 997 1109 1050 in
1127 997 1232 1067 platlren
1244 995 1414 1051 merchandie
1431 1011 1447 1048 s

288 1087 357 1138 riano
376 1084 493 1138 boccarie
510 1101 593 1156 usque
610 1086 644 1139 ad
662 1085 758 1140 stadins
776 1085 821 1139 ubi
839 1086 956 1139 redditur
973 1085 1015 1140 ius
1033 1102 1079 1155 per
1096 1085 1238 1139 domiuum
1250 1084 1449 1156 cpIscopum.et

287 1173 331 1223 -uri
350 1185 441 1226 contra
459 1172 548 1227 lecerit
565 1172 652 1227 soluat
671 1174 788 1228 bannum
807 1189 855 1245 pro
873 1172 991 1245 quolibet
1009 1185 1035 1227 et
1053 1172 1168 1244 qualibet
1192 1171 1258 1227 uice.
1277 1172 1325 1228 sol.
1344 1171 1378 1225 V.

341 1505 388 1558 DE
407 1504 552 1561 PLATIO.
571 1505 703 1560 PLANO.
722 1506 770 1560 ET
789 1504 991 1562 FORTILICIS
1009 1505 1225 1562 EORUMDEIL
1246 1535 1278 1550 -·
1297 1506 1329 1561 R.
1347 1504 1405 1561 XII.

328 1767 385 1838 196.
404 1768 538 1823 statutum
556 1782 582 1822 et
599 1770 751 1824 ordinatum
770 1783 808 1824 est
826 1771 898 1842 quod
916 1769 1031 1842 quelibet
1050 1787 1160 1842 persona
1178 1783 1297 1825 teneatur
1315 1782 1341 1825 et
1359 1771 1453 1824 debent

292 1867 463 1910 nrarrutenere
481 1869 508 1910 ct
525 1857 656 1911 custodite
674 1873 763 1928 sepem
782 1869 808 1912 et
826 1857 992 1928 pnlencatum
1006 1857 1104 1912 factum
1117 1871 1303 1929 superterram
1321 1875 1396 1912 suam
1409 1875 1455 1928 per

292 1959 406 1998 comune
424 1945 492 2000 circa
510 1944 624 2014 placium
642 1957 669 1999 et
686 1946 796 2017 planum
814 1946 867 2000 suis
894 1947 1027 2017 expenssis
1053 1948 1199 2001 secundum
1225 1947 1297 2018 quod
1316 1945 1455 2000 fuerintei

292 2032 446 2102 consignata
464 2049 511 2104 per
528 2033 658 2087 consules.
676 2034 728 2088 nIsi
746 2034 814 2088 bene
832 2033 909 2087 sciret
926 2035 1065 2088 ostendere
1083 2035 1128 2105 qui
1146 2035 1214 2104 Ipsns
1232 2035 1389 2088 deuomsset.
1412 2032 1455 2086 uel

293 2131 455 2190 asportasset.
474 2121 517 2175 uel
530 2122 581 2175 alsi
593 2121 689 2176 laceret
700 2134 795 2176 notum
807 2122 961 2177 consulibus
979 2124 1086 2194 quando
1104 2135 1191 2177 essent
1208 2123 1262 2177 sice
1274 2121 1317 2177 uel
1330 2122 1454 2176 marcide.

331 2273 388 2334 197.
406 2261 474 2315 Item
492 2271 620 2316 statutum
637 2275 677 2317 est
694 2263 765 2334 quod
783 2263 871 2336 aliqua
888 2277 999 2334 persona
1017 2279 1073 2318 non
1086 2263 1179 2318 debent
1196 2279 1331 2318 arrnnccre
1341 2263 1384 2318 uel
1396 2275 1457 2318 stre·

294 2365 355 2418 pare
372 2348 501 2404 terminos
518 2351 619 2420 positos
645 2367 692 2422 per
708 2367 824 2406 comune
853 2349 957 2422 bugelle
983 2351 1051 2406 circa
1068 2349 1163 2406 fossata
1185 2351 1260 2423 placij
1280 2364 1307 2406 et
1324 2351 1395 2423 plani
1414 2351 1457 2422 (r)

295 2436 338 2490 uel
356 2435 410 2491 alio
428 2454 598 2510 quocumque
616 2438 676 2493 loco
694 2439 740 2494 ubi
759 2439 837 2509 positi
855 2438 952 2493 fuerint
969 2455 1016 2510 per
1033 2439 1142 2493 nuntios
1160 2440 1282 2494 comunis
1300 2441 1343 2510 (r)
1361 2441 1394 2494 Et
1412 2439 1458 2510 qul

294 2523 475 2580 contrafecerit
492 2526 579 2580 soluat
596 2543 644 2598 pro
662 2526 781 2598 quolibet
798 2540 824 2580 et
842 2527 958 2599 qualibet
976 2528 1035 2582 uice
1059 2527 1107 2581 sol.
1126 2526 1183 2582 XX.
1203 2544 1245 2598 pp.

334 2683 391 2756 198.
409 2683 478 2738 Item
495 2697 623 2740 statutum
641 2697 680 2740 est
698 2686 770 2757 quod
788 2701 882 2739 omnes
900 2697 927 2739 et
944 2683 1043 2756 singuli
1070 2683 1194 2739 homines
1222 2685 1334 2739 debeant
1361 2684 1460 2738 denun-

296 2769 365 2824 ciare
382 2771 534 2826 consulibus
553 2772 658 2844 bugellc
675 2772 743 2826 Infra
760 2773 838 2826 VIII⁰
856 2772 911 2826 dies
929 2772 952 2826 si
969 2771 1047 2826 fuerit
1065 2785 1214 2827 amancatus
1225 2771 1320 2844 aliquis
1331 2771 1460 2826 terminus

297 2859 421 2912 comunis
438 2859 537 2914 scilicet
554 2860 601 2914 ille
618 2877 695 2931 super
712 2877 793 2932 quern
811 2859 973 2914 territorium
991 2859 1070 2913 fuerit
1086 2873 1243 2914 armncatus.
1262 2859 1318 2914 siue
1336 2859 1458 2914 habimus

297 2944 405 3000 ibidem.
423 2947 457 3002 Et
475 2947 521 3019 qui
539 2947 720 3002 contrafecerit
738 2947 824 3002 soluat
842 2948 960 3002 bannum
979 2947 1027 3002 sol.
1046 2947 1079 3002 V.
1099 2965 1140 3019 pp.

338 3104 397 3161 199.
415 3089 459 3160 (2)
477 3089 545 3143 Item
563 3101 691 3144 statutum
710 3099 749 3144 est
767 3090 839 3160 quod
857 3089 945 3161 aliqua
962 3103 1074 3160 persona
1102 3105 1157 3143 non
1184 3089 1277 3143 dcbmt
1294 3105 1394 3144 cauare.
1414 3105 1463 3142 nec

300 3193 414 3248 suppare
433 3193 483 3232 nec
501 3178 586 3231 oenias
604 3177 705 3231 talliare
722 3194 737 3230 a
756 3177 877 3247 predictis
894 3178 1021 3232 tennInis.
1040 3193 1123 3249 usque
1141 3178 1169 3230 in
1187 3177 1300 3231 fundum
1312 3177 1409 3231 fossati.
1427 3177 1464 3231 Et

300 3265 346 3336 qui
364 3264 563 3319 contrafecerit
590 3265 676 3319 solunt
705 3281 753 3335 pro
772 3265 890 3336 quolibet
916 3278 943 3319 ct
960 3265 1076 3337 qualibet
1094 3265 1152 3318 uice
1169 3264 1217 3318 sol.
1237 3265 1269 3318 V.
1289 3281 1331 3334 pp.
1350 3263 1401 3318 nisi
1419 3263 1464 3320 ille

303 3352 349 3422 qui
367 3353 482 3406 uoluerit
500 3353 618 3406 Incidere
636 3352 737 3406 ceriam
755 3368 833 3423 super
850 3369 929 3406 suum
947 3354 1019 3423 prius
1036 3351 1193 3422 plantauerit
1216 3351 1330 3422 spinatas
1347 3351 1419 3404 duas.
1439 3362 1465 3404 et

302 3455 347 3494 eas
363 3439 518 3494 alleuauerit
536 3439 603 3494 infra
620 3441 739 3512 quinque
767 3456 852 3494 annos
879 3439 977 3494 sciIIcet
995 3455 1077 3494 unam
1102 3439 1276 3510 predictarum
1303 3437 1465 3508 spInatarum

301 3527 369 3582 circa
386 3527 514 3582 medium.
534 3539 560 3582 et
578 3526 658 3581 aliam
677 3528 706 3580 in
724 3528 809 3597 capite
826 3539 898 3582 cxtm
916 3527 1052 3581 termium.
1071 3527 1105 3580 Et
1122 3525 1244 3580 consules
1268 3535 1407 3579 teneantur
1425 3524 1465 3578 bir

301 3613 331 3668 iu
349 3631 422 3669 anno
439 3615 524 3669 lacere
541 3614 639 3687 Inquiri
657 3615 772 3687 prodicos
790 3631 836 3686 per
853 3614 928 3668 1111⁰¹
947 3613 1095 3668 officiarios.
1114 3614 1179 3668 etsi
1198 3612 1349 3666 iuuenirent
1365 3610 1464 3682 aliquid

302 3701 400 3757 lactum
419 3714 510 3757 contra
528 3701 650 3774 predicta.
668 3713 808 3756 teneantur
825 3712 946 3756 excutere
964 3699 1078 3773 predicta
1096 3701 1190 3754 banna.

338 3856 398 3897 noo.
417 3843 484 3897 ltem
502 3854 630 3897 stamtum
647 3853 687 3896 est
713 3842 785 3914 quod
812 3839 899 3913 aliqua
926 3856 1037 3911 persona
1054 3856 1110 3894 non
1134 3840 1227 3894 debeat
1245 3839 1333 3892 batere
1350 3837 1466 3910 aliquem

303 3930 436 4002 pelliciam
447 3929 491 3985 uel
503 3929 619 4002 pellicias
630 3928 672 3983 rel
681 3928 789 4001 aliquod
800 3927 885 4000 pilum
896 3928 925 3982 ln
934 3927 1065 4000 aliquibus
1074 3928 1235 3998 portucubus
1244 3925 1287 3980 uel
1297 3925 1348 3980 uiis
1356 3925 1467 3997 publicis

330 4209 363 4264 (r)
376 4209 409 4262 (ι)
422 4209 478 4251 lircc
492 4208 588 4250 odronto
601 4219 637 4262 per
649 4208 738 4263 signnm

331 4279 364 4334 (a)
374 4277 434 4334 Juxta
447 4280 544 4335 rcrIptnm
558 4287 603 4320 estc
617 4275 692 4320 Perdat.
