3918 5554
317 670 341 709 2.
359 653 426 710 Item
444 667 572 712 stitutum
589 657 719 728 estquod
737 654 859 710 consules
876 667 977 710 veteres
994 655 1108 710 debeant
1125 665 1300 710 etteneenter
1307 655 1447 708 annuatim

281 745 389 798 reddere
407 745 539 800 rationem
557 745 585 798 in
603 745 756 815 quindecim
774 745 868 798 diebus
885 757 944 814 post
962 743 1058 797 festum
1077 744 1160 798 suncti
1179 743 1286 797 mertini
1296 743 1448 798 consulibus

279 843 306 884 et
323 845 436 902 quatuor
453 833 513 903 elijs
530 834 563 886 de
581 832 652 886 dicto
670 833 785 901 collegio
802 831 932 902 eligendis
952 847 998 901 per
1027 831 1112 884 dictos
1141 831 1264 884 consules
1294 845 1380 884 nouos
1410 833 1443 884 de

280 919 359 973 nouis
376 921 502 975 omnibus
521 921 683 991 presentibus
702 933 727 973 et
746 921 868 990 expensis
887 919 950 972 dicti
968 919 1073 990 collegij
1088 919 1115 972 in
1130 921 1218 972 banno
1230 919 1377 972 solidorum
1390 919 1448 972 XX.

281 1023 329 1076 pro
346 1009 465 1078 quolibet
483 1010 593 1063 consule
610 1021 636 1062 et
654 1025 702 1078 pro
731 1007 848 1080 qualibet
878 1007 1026 1061 ebdomade
1044 1023 1096 1077 qun
1114 1007 1233 1060 steterint
1246 1007 1278 1060 ad
1298 1006 1447 1060 laciendum

282 1095 380 1150 dictam
399 1098 538 1152 rationem.

317 1269 339 1324 3.
359 1253 426 1309 Item
444 1267 571 1308 statutum
590 1267 617 1308 et
634 1255 786 1308 ordinatum
805 1265 844 1307 est
861 1255 934 1324 quod
952 1253 1068 1324 quelibet
1081 1269 1190 1324 persona
1204 1269 1256 1324 que
1269 1255 1302 1308 sit
1314 1255 1444 1324 terrigena

281 1343 323 1396 uel
343 1342 454 1396 lorensis
472 1359 524 1413 que
542 1343 641 1416 steterit
653 1359 731 1413 super
748 1342 858 1412 poderio
877 1341 928 1395 loci
943 1341 1049 1411 bugelle
1061 1355 1087 1395 et
1100 1343 1214 1397 tenuerit
1223 1343 1305 1400 boues
1317 1355 1343 1396 et
1353 1345 1448 1414 jugum

281 1441 403 1484 teneatur
420 1443 447 1484 et
465 1431 558 1484 debent
576 1430 666 1484 uenire
683 1431 716 1483 ud
744 1429 887 1500 collegium
916 1429 1129 1500 totienscumque
1158 1443 1185 1483 et
1211 1431 1449 1502 quotienscumque

280 1518 403 1572 consules
421 1518 483 1571 dicti
502 1517 607 1588 collegij
628 1517 736 1571 iecerint
754 1519 792 1571 eis
810 1517 851 1570 vel
870 1517 902 1570 td
921 1533 1015 1571 eorum
1034 1517 1147 1572 domurn
1165 1517 1301 1572 notificare
1320 1535 1365 1590 per
1396 1518 1448 1572 uli-

281 1623 362 1676 quem
381 1605 544 1676 comparium
563 1604 701 1676 campmie
719 1605 760 1659 vel
780 1605 957 1678 plantatorum
976 1605 1017 1658 uel
1037 1603 1202 1660 forestarium
1221 1619 1267 1660 out
1291 1606 1348 1660 eius
1381 1607 1448 1659 mis-

280 1710 339 1746 sum
358 1694 407 1746 sub
426 1709 492 1762 pena
511 1706 537 1746 et
555 1695 644 1747 banno
663 1691 771 1746 cuilibet
789 1691 986 1746 conunfucienti
1006 1709 1053 1764 pro
1071 1691 1191 1764 quolibet
1210 1705 1237 1746 et
1253 1693 1371 1765 quelibet
1393 1694 1449 1746 tice

280 1782 428 1836 solidorum
446 1781 479 1834 V.
498 1781 548 1834 nisi
566 1781 706 1836 habuerint
725 1780 873 1854 legitimam
892 1781 1095 1836 excusationem
1113 1781 1155 1836 vel
1173 1780 1449 1852 licentitmabaliquo

283 1868 433 1923 consulum.

316 2045 340 2095 4.
361 2030 428 2082 Item
447 2039 573 2082 statutum
592 2039 618 2082 et
637 2027 789 2081 ordinatum
808 2039 847 2082 est
866 2027 937 2098 quod
968 2027 1084 2100 quelibet
1114 2043 1225 2099 persona
1254 2045 1307 2100 que
1336 2029 1449 2082 tenuerit

280 2135 358 2188 super
376 2118 476 2172 dictum
496 2116 655 2170 territorium
676 2115 781 2184 bugelle
799 2117 882 2169 boues
901 2129 946 2170 tut
965 2133 1040 2169 uncus
1058 2117 1091 2170 td
1110 2115 1285 2172 laborandum
1303 2133 1365 2172 cum
1383 2119 1450 2187 jugo

280 2207 314 2260 sit
332 2218 357 2260 et
376 2223 432 2259 esse
450 2205 543 2259 debeat
561 2206 594 2258 de
613 2203 727 2273 collegio
746 2203 941 2257 massariorum.
960 2203 1032 2258 Etsi
1060 2203 1147 2275 ulique
1175 2219 1286 2275 persone
1313 2207 1450 2276 negauerit

280 2311 336 2348 esse
354 2295 387 2348 de
405 2294 477 2348 dicto
494 2292 609 2362 collegio
627 2293 700 2363 quod
718 2292 762 2362 alij
782 2291 900 2346 massarii
918 2305 973 2346 non
991 2293 1103 2346 debmnt
1122 2310 1171 2346 nec
1190 2294 1291 2364 possint
1308 2295 1332 2348 ei
1359 2310 1450 2348 conce

280 2385 342 2437 dere
360 2383 477 2453 aliquem
496 2395 592 2436 terrem
611 2383 787 2452 pertinentem
805 2381 838 2434 td
858 2381 1040 2434 ntussmetium
1059 2397 1109 2436 nec
1126 2383 1151 2436 ei
1169 2383 1232 2436 dare
1249 2382 1357 2454 aliquod
1380 2399 1448 2438 con-

281 2471 372 2524 silium
390 2471 519 2524 duxilium
539 2469 582 2524 uel
601 2468 720 2523 fauorem
738 2469 788 2522 nisi
808 2484 857 2538 pro
869 2467 990 2524 iaciendo
1010 2486 1073 2524 eum
1092 2471 1181 2524 reduci
1199 2472 1232 2524 ad
1244 2471 1389 2542 collegium
1401 2471 1450 2526 sub

282 2577 348 2630 pena
367 2571 393 2612 et
406 2560 496 2612 benno
514 2573 563 2628 pro
581 2557 699 2628 quolibet
718 2555 921 2612 wnmlseiente
939 2570 966 2612 et
983 2557 1099 2630 qualibet
1117 2559 1174 2613 vice
1187 2558 1334 2614 solidorum
1346 2559 1411 2616 XX.
1424 2573 1451 2616 et

284 2648 392 2700 ulterius
409 2647 460 2700 boc
478 2648 527 2700 sub
546 2644 653 2698 vinculo
671 2645 822 2715 juramenti.

320 2801 341 2874 ς.
362 2806 429 2859 ltem
448 2815 576 2858 statutum
594 2815 620 2858 et
638 2804 791 2858 ordinatum
810 2815 849 2858 est
867 2805 939 2876 quod
958 2803 1075 2876 quelibet
1087 2821 1198 2876 persone
1208 2807 1241 2860 de
1255 2807 1327 2861 dicto
1335 2807 1450 2878 collegio

280 2905 401 2947 tenentur
418 2904 444 2946 et
462 2894 555 2946 debeat
573 2893 712 2946 annuatim
731 2892 759 2946 in
778 2892 845 2946 letto
863 2893 1008 2947 natiuitatis
1026 2893 1130 2948 domini
1159 2895 1192 2948 cd
1222 2911 1343 2966 vesperos
1373 2907 1450 2967 prout

281 2983 364 3036 moris
382 2994 421 3034 est
440 2980 523 3034 lacere
541 2993 567 3034 et
586 2993 689 3050 portare
708 2997 793 3034 unum
813 2995 919 3036 cereum
938 2981 1031 3036 saltem
1050 2981 1084 3036 de
1102 2981 1167 3038 libm
1185 2984 1310 3054 subpetit
1322 2995 1348 3038 et
1361 2983 1450 3038 benno

282 3071 428 3124 solidorum
447 3069 511 3124 XX.

317 3227 341 3282 6.
361 3228 428 3283 Item
447 3239 574 3282 statutum
594 3240 619 3281 et
638 3227 789 3281 ordinatum
809 3229 937 3300 estquod
956 3228 1072 3299 quelibet
1091 3245 1201 3300 persona
1212 3229 1245 3284 de
1254 3230 1325 3285 dicto
1335 3230 1450 3300 collegio

281 3317 375 3371 debent
392 3317 530 3370 annuatim
550 3316 587 3369 ire
606 3332 668 3370 cunt
687 3315 797 3370 consule
815 3315 877 3370 dicti
896 3315 1002 3387 collegii
1022 3331 1048 3371 et
1066 3319 1126 3388 eliis
1146 3319 1278 3389 massariis
1287 3319 1405 3373 oblatum
1422 3321 1449 3372 in

284 3407 327 3459 die
345 3406 427 3459 sancti
446 3404 566 3474 stephani
586 3404 619 3458 ad
638 3405 746 3458 missam
765 3406 895 3458 maiorem
915 3419 993 3475 prout
1012 3407 1093 3460 moris
1112 3419 1150 3460 est
1169 3407 1202 3461 Et
1220 3407 1265 3478 qui
1284 3423 1340 3461 non
1365 3407 1449 3460 inter-

284 3493 361 3547 luerit
380 3493 412 3548 ud
431 3493 596 3606 oblationem
614 3492 701 3547 soluat
720 3494 838 3548 bannum
857 3509 905 3566 pro
923 3493 1043 3566 quolibet
1060 3494 1209 3550 solidorum
1229 3495 1260 3548 V.

318 3667 343 3720 7.
361 3650 429 3705 Item
448 3651 519 3722 quod
539 3651 654 3722 quelibet
674 3667 783 3722 persona
802 3653 836 3706 de
854 3651 926 3706 dicto
943 3651 1059 3724 collegio
1076 3665 1196 3708 teneatur
1207 3667 1233 3707 et
1247 3655 1340 3708 debeat
1347 3655 1451 3708 soluere

282 3740 419 3793 annuatim
438 3739 591 3793 consulibus
609 3739 671 3794 dicti
691 3739 796 3810 collegii
816 3741 980 3795 consortium
1001 3742 1028 3794 in
1041 3741 1085 3795 die
1098 3743 1179 3796 sancti
1195 3742 1315 3812 stephani
1329 3757 1355 3796 et
1367 3744 1449 3796 stricti

278 3827 407 3898 Jolrtnnis
425 3827 588 3894 euangeliste
606 3845 652 3898 per
669 3840 753 3882 totam
772 3829 844 3883 diem
862 3831 1009 3884 secundum
1027 3831 1100 3900 quod
1115 3831 1280 3884 ordinabitur
1291 3847 1337 3900 per
1349 3831 1449 3884 dictum

282 3912 426 3982 collegium
445 3925 471 3965 et
489 3911 534 3983 qui
554 3911 722 3966 contrafaciat
740 3913 826 3965 soluat
844 3915 963 3967 bannum
982 3927 1030 3986 pto
1048 3915 1167 3985 quolibet
1185 3927 1211 3968 et
1229 3915 1345 3985 qualibet
1363 3917 1448 3968 ebdo-

281 4001 358 4054 made
377 4017 428 4070 que
447 3999 546 4053 steterit
566 4001 598 4053 ed
617 3999 777 4054 soluendum
796 4001 897 4054 einum
914 4003 1078 4056 consortium
1097 4003 1243 4056 solidorum
1263 4002 1450 4058 V.etulterius

283 4089 334 4143 hoc
353 4100 473 4142 tenentur
491 4088 594 4142 soluere
612 4088 712 4142 dictum
732 4088 905 4143 consortium.

317 4267 342 4316 8.
362 4265 428 4318 item
447 4277 573 4318 statutum
593 4277 619 4317 et
637 4265 788 4318 ordinatum
808 4267 936 4334 estquod
955 4266 1071 4336 quelibet
1090 4283 1199 4336 persona
1212 4267 1245 4320 de
1255 4267 1326 4321 elicto
1336 4269 1449 4336 collegio

197 4414 202 4426 ι
284 4365 404 4406 tenentur
423 4365 448 4405 et
467 4353 560 4406 debeat
578 4353 715 4406 annuatim
735 4353 838 4406 soluere
857 4341 1008 4406 consulibus
1022 4355 1085 4408 dicti
1098 4355 1203 4424 collegii
1217 4357 1249 4407 ed
1263 4355 1357 4410 festum
1368 4359 1450 4410 sancti
