3926 5542
1388 553 1440 612 ²⁰9

272 666 305 718 de
323 666 425 719 catellis
444 665 643 720 bartholomeus
661 667 694 720 de
711 665 816 720 villanis
834 665 988 721 Anthonius
1001 666 1035 720 de
1047 664 1158 720 santono
1170 663 1315 720 anthonius
1331 661 1439 718 tubania

272 755 392 807 sedentes
410 755 443 807 ab
461 770 514 807 vno
533 754 624 808 lattere
643 753 743 824 pallacii
766 753 922 822 Magnificus
941 753 1067 808 dominus
1086 753 1212 824 georgius
1229 753 1263 808 de
1274 751 1375 824 gnomis
1394 753 1442 806 do·

273 841 361 894 minus
380 843 500 911 temengi
519 842 672 911 Spectabilis
691 841 817 894 dominus
832 841 968 912 Johannes
980 841 1122 894 franciscus
1135 842 1169 894 de
1182 840 1393 910 frithignonibus
1406 855 1440 892 ea

273 929 390 982 dominis
407 929 541 1000 quarenie,
560 929 670 982 Nobiles
689 929 801 982 loannes
820 929 974 982 Anthonius
993 928 1075 982 cauda
1104 928 1245 982 franciscus
1272 927 1370 981 Scallia
1388 943 1439 980 au·

272 1017 393 1087 gostinus
412 1017 445 1070 de
463 1029 534 1070 turre
552 1033 601 1070 suo
620 1029 646 1070 et
665 1017 775 1070 illustris
794 1016 897 1070 domini
913 1015 1031 1069 francisci
1044 1017 1077 1070 de
1090 1015 1190 1086 putheo
1205 1014 1440 1070 dominiviueroni

273 1117 299 1158 et
317 1123 350 1158 ea
368 1103 566 1158 marchionibus
585 1105 742 1174 romagnani
756 1117 781 1158 et
795 1103 906 1158 Domini
917 1105 1061 1174 ponderani
1078 1117 1104 1158 et
1122 1103 1279 1173 augustinus
1291 1103 1325 1156 de
1337 1103 1441 1156 villanis

272 1209 366 1245 omnes
385 1193 480 1261 notarii
501 1193 620 1246 eiusdem
639 1192 744 1262 collegii
762 1191 820 1256 Qui
834 1209 928 1245 omnes
941 1193 1079 1245 matrimes
1092 1205 1118 1246 et
1136 1192 1280 1246 concordes
1293 1203 1319 1246 et
1332 1191 1441 1244 nemine

273 1280 391 1349 ipsorum
410 1281 573 1350 discrepante
592 1279 803 1333 reformauerunt
822 1292 849 1334 et
866 1281 1058 1332 ordinauerunt
1076 1280 1103 1333 in
1123 1280 1177 1334 vim
1198 1279 1288 1334 statuti
1307 1291 1385 1350 prout
1403 1294 1441 1332 se·

273 1369 362 1438 quitur
371 1369 403 1421 Et
416 1367 521 1421 luemut
534 1367 618 1437 elltetj
633 1381 659 1420 et
672 1368 803 1420 nominati
815 1381 892 1438 prout
905 1367 972 1420 infra
984 1381 1094 1438 excepto
1107 1367 1220 1422 domino
1235 1368 1341 1422 Andrea
1351 1366 1441 1438 gromi

271 1475 304 1510 es
322 1472 375 1526 quo
394 1456 435 1508 his
454 1456 546 1508 diebus
565 1455 692 1525 preteritis
710 1456 808 1526 junruit
825 1457 965 1508 obseruare
984 1467 1079 1510 statuta
1089 1455 1195 1526 collegii
1216 1471 1272 1526 quo
1293 1455 1326 1508 ad
1344 1453 1441 1508 adnuis·

271 1544 376 1596 sionem
395 1543 619 1613 infrascriptomm
637 1543 682 1614 qui
702 1560 757 1596 non
776 1555 837 1596 sunt
856 1545 931 1596 etatis
951 1542 1082 1612 legittime
1100 1561 1132 1596 ex
1151 1559 1205 1613 quo
1221 1560 1266 1613 per
1278 1553 1373 1596 statuta
1389 1541 1442 1596 col·

273 1631 333 1698 legii
354 1643 461 1684 cauetur
479 1631 551 1702 quod
570 1647 625 1684 non
646 1631 803 1700 recipiantur
821 1631 902 1702 aliqui
914 1631 1002 1684 minus
1012 1648 1065 1702 que
1074 1632 1247 1684 admittantur
1258 1631 1304 1702 qui
1319 1646 1374 1684 non
1387 1629 1440 1684 sint

272 1719 430 1771 sufficientes
449 1719 530 1780 Quod
549 1731 676 1771 statutam
696 1719 772 1772 certis
791 1721 868 1772 bonis
887 1719 953 1772 moti
975 1719 1134 1788 respectibus
1155 1735 1203 1789 pro
1223 1719 1273 1772 hac
1291 1718 1348 1772 vice
1366 1718 1441 1772 dum·

272 1819 341 1858 taxat
360 1807 577 1876 dispensauerunt
595 1808 703 1860 obtenta
721 1807 888 1860 absolutione
907 1823 921 1860 a
940 1809 1092 1876 juramento
1110 1819 1137 1860 et
1157 1823 1212 1861 non
1231 1807 1307 1860 aliter
1319 1821 1369 1860 nec
1386 1805 1440 1862 alio

273 1895 363 1946 titolo

308 1982 398 2034 Primo
412 1981 545 2034 Dominus
558 1981 695 2034 marcltion
706 1983 794 2052 Spinis
802 1982 892 2051 ellegit
904 1983 1036 2038 bertinum
1048 1983 1104 2036 eius
1117 1983 1202 2036 lilium
1215 1983 1291 2036 etatis
1301 1997 1434 2036 annorum

272 2070 421 2132 duodecim,
440 2070 544 2122 Nobilis
564 2069 704 2122 franciscus
722 2071 755 2123 de
773 2070 874 2124 tarditis
892 2070 983 2141 ellegit
1001 2071 1121 2124 nobilem
1141 2071 1307 2124 ieronimum
1326 2070 1384 2124 eius
1402 2067 1437 2123 st·

273 2157 347 2220 lium,
366 2156 524 2226 magnificus
542 2157 667 2210 dominus
686 2157 818 2211 iohannes
830 2174 923 2228 gasper
938 2157 1074 2212 bertodani
1085 2159 1228 2212 dominum
1242 2159 1368 2212 iacobum
1381 2157 1439 2210 eius

272 2244 356 2297 tiliam
376 2245 440 2314 juris
458 2245 592 2314 variusque
610 2244 756 2308 doctorem,
775 2245 929 2316 Spectabilis
947 2246 1073 2299 dominus
1092 2246 1224 2298 iohannes
1244 2243 1387 2299 franciscus
1405 2245 1439 2298 dc

272 2333 481 2399 lrichignonibus
501 2333 642 2386 Anibalem
661 2333 717 2386 eius
731 2332 816 2388 lilium
829 2332 880 2386 tide
893 2332 958 2388 lacta
970 2334 1004 2388 de
1017 2333 1222 2405 legittimatione
1234 2335 1354 2388 aunem
1368 2331 1438 2386 inira

208 2469 211 2478 ,
271 2421 423 2490 quindecim
442 2421 498 2474 dies
517 2422 636 2490 proxime
655 2433 779 2474 venturos
798 2421 825 2476 in
845 2423 967 2476 manibus
979 2423 1153 2476 dominorum
1162 2421 1304 2476 consulum
1317 2433 1343 2475 et
1356 2421 1440 2476 scribe

272 2510 375 2576 coliegij
397 2521 422 2562 ct
441 2525 496 2562 non
516 2509 590 2562 aliter
608 2527 657 2563 nec
676 2510 728 2563 alio
748 2510 830 2564 modo
849 2509 934 2564 valeat
961 2509 1066 2564 ellectio
1084 2523 1111 2564 et
1129 2511 1280 2564 nominatio
1309 2509 1438 2574 eiusdem.

272 2599 405 2650 Dominus
425 2599 533 2650 andreas
552 2597 584 2649 de
603 2599 704 2666 grontis
731 2597 849 2652 nobilem
870 2597 1042 2666 guillermum
1071 2599 1127 2652 eius
1155 2597 1240 2652 filium
1260 2597 1358 2668 ellegit.
1378 2598 1436 2666 Ego

271 2686 426 2750 guiliermus
446 2685 510 2738 lecia
530 2686 697 2754 subsignatus
716 2685 798 2754 elligo
817 2687 936 2739 nobilem
966 2686 1116 2740 iohannem
1144 2685 1315 2740 Anthonium
1345 2683 1439 2740 seciam

272 2790 362 2825 meum
383 2772 497 2835 fratrem,
517 2773 620 2825 Nobilis
638 2773 794 2840 augustinus
813 2773 845 2826 de
856 2773 960 2825 villanis
974 2774 1064 2840 ellegit
1078 2774 1198 2827 nobilem
1211 2773 1368 2826 franciscum
1383 2775 1440 2827 eius

272 2859 386 2922 fratrem,
397 2861 500 2912 Nobilis
513 2861 668 2926 augustinus
681 2861 714 2912 de
727 2873 797 2912 turre
816 2861 907 2928 ellegit
927 2863 1047 2916 nobilem
1067 2862 1215 2914 iohannem
1226 2863 1366 2932 georgium
1382 2862 1439 2914 eius

273 2947 357 3000 lilium
377 2949 452 3000 etatis
470 2964 603 3000 annorum
622 2960 691 3010 octo,
711 2949 815 3000 Nobilis
835 2949 1036 3001 bartholomeus
1054 2950 1088 3002 de
1102 2949 1204 3002 tillonis
1217 2950 1306 3016 ellepit
1321 2949 1439 3002 nobilem

272 3036 435 3102 Stephanum
455 3051 511 3087 etus
531 3033 616 3087 filium
636 3035 711 3088 etatis
729 3051 862 3088 annorum
882 3049 952 3096 och),
972 3036 1075 3090 Nobilis
1095 3035 1235 3088 franciscus
1249 3037 1336 3089 scallia
1350 3037 1440 3104 ellegit

272 3124 412 3176 tiotninum
432 3123 600 3190 gullielmum
620 3122 636 3176 i.
656 3139 680 3194 q.
701 3123 835 3188 magnifici
856 3124 959 3176 domini
980 3125 1103 3176 Gerrardi
1117 3123 1382 3192 scaliemagnhieus
1395 3124 1439 3176 do

273 3211 361 3262 minus
379 3210 503 3278 georgius
522 3211 554 3262 de
573 3211 673 3276 gromis
692 3211 782 3278 ellegit
801 3211 942 3264 dominum
962 3212 1094 3263 traianum
1114 3211 1170 3264 eius
1190 3210 1274 3264 hlium
1293 3212 1369 3264 etatis
1387 3227 1438 3264 an-

272 3315 368 3350 nornm
388 3299 488 3358 decem,
507 3298 611 3349 Nobilis
630 3299 788 3364 augustinus
807 3299 840 3351 de
859 3311 929 3350 turre
952 3315 998 3366 pto
1018 3297 1110 3349 illustri
1130 3297 1242 3350 domino
1261 3297 1388 3350 francisco
1407 3299 1440 3350 de

272 3385 371 3454 putheo
381 3385 471 3450 vigore
482 3383 615 3436 literarum
628 3387 795 3438 mieiuaruna
806 3387 925 3437 eiusdem
938 3387 1040 3437 domini
1055 3385 1171 3438 francisci
1183 3385 1304 3438 nominat
1314 3397 1339 3438 et
1349 3385 1439 3452 ellegit

272 3471 412 3523 dominum
433 3470 569 3524 fabricium
588 3471 707 3524 elumem
727 3473 829 3525 domini
850 3473 989 3541 capitanei
1002 3473 1095 3534 tilium,
1107 3473 1211 3524 Nobilis
1225 3473 1378 3526 Anthonius
1391 3473 1440 3525 Ca·

273 3561 348 3612 hanla
367 3559 457 3626 ellegit
476 3559 593 3611 nobilem
614 3559 762 3613 iohannem
782 3560 908 3612 iacobum
928 3561 985 3612 eius
1005 3559 1099 3622 tilium,
1119 3559 1225 3612 Nobilis
1244 3560 1388 3614 anthonius
1406 3562 1439 3614 de

272 3647 383 3700 lantono
401 3645 696 3714 nobilemlranoiscum
716 3649 773 3700 eius
793 3647 878 3700 filiurn
898 3647 1007 3700 Nobilis
1026 3647 1136 3700 lacobus
1163 3647 1264 3716 tolegni
1292 3647 1366 3718 eligit
1384 3665 1437 3702 no-

273 3735 352 3787 bilem
374 3734 522 3788 lohannem
543 3751 679 3802 gasparem
698 3736 754 3788 eius
773 3749 897 3804 nepotem
918 3735 935 3788 i.
954 3752 979 3805 q.
999 3735 1102 3788 domini
1114 3735 1237 3804 imncexij
1253 3734 1372 3802 tollenti,
1386 3735 1439 3790 Do

272 3823 361 3874 minus
380 3822 532 3875 Ludouicus
553 3823 688 3874 bertodani
708 3823 798 3890 ellegit
817 3824 942 3876 Nobilem
962 3823 1129 3875 Ludouicum
1149 3823 1182 3876 de
1195 3823 1289 3886 rondo,
1304 3823 1438 3878 Dominus

273 3911 404 3962 lohannes
424 3909 577 3962 Anthonius
595 3911 677 3962 cauda
696 3909 786 3978 elle-git
805 3911 924 3964 nohiiem
943 3911 1107 3963 vincentium
1125 3911 1246 3974 caudam,
1265 3911 1369 3964 Nobilis
1388 3929 1436 3982 pe-

272 4011 326 4050 trus
345 4000 377 4050 de
396 3997 498 4050 cute-llis
516 3997 606 4064 ellepit
626 3998 745 4050 nobilem
764 3999 929 4068 Stephanum
949 3999 1006 4051 eius
1025 4012 1150 4068 nepotem
1167 3997 1252 4050 lilium
1271 3999 1373 4051 domini
1393 4017 1438 4053 an·

272 4089 333 4139 dree
346 4087 421 4140 etatis
434 4101 565 4138 annorum
579 4103 687 4146 nouem,
698 4086 802 4138 Nobilis
815 4085 901 4138 nicola
914 4087 947 4139 de
960 4086 1055 4156 quinto
1065 4085 1155 4152 eliegit
1167 4085 1286 4138 nobilem
1303 4085 1436 4142 nicolaum

273 4173 357 4225 tilium
381 4173 479 4242 egregij
500 4173 621 4242 anthonij
643 4173 764 4242 mauritij
787 4173 931 4225 bertodani.

325 4345 406 4388 satu.
423 4367 445 4378 -
463 4357 482 4388 ι.
