3958 5540
1393 573 1440 626 ¹33

276 684 377 738 exitum
396 684 436 736 sui
456 681 621 736 Clauariatus
640 698 694 753 quo
712 683 828 736 tennino
855 682 944 752 elapso
972 697 1026 734 non
1046 681 1129 750 possit
1147 679 1248 751 aliquid
1268 691 1355 750 petere
1373 681 1442 734 dicta

276 773 420 826 occasione
438 787 486 824 nec
506 787 551 840 per
569 782 726 840 potestatem
744 771 857 852 amplius
882 770 1010 823 audiatur.
1042 770 1075 822 Et
1104 769 1237 822 uersauice
1265 769 1286 822 si
1317 769 1443 822 dominus

276 861 414 914 Clanarius
432 877 448 911 a
466 875 602 928 quoquam
620 859 719 928 aliquid
738 859 852 928 recipcre
870 859 947 911 debet
967 857 1077 911 nomine
1096 858 1228 911 Comanis
1247 857 1318 927 quod
1334 859 1361 910 in
1381 859 1443 926 ipsis

277 949 422 1001 rationibus
440 947 473 999 sit
491 947 650 1016 descriptum
668 945 734 1000 illud
750 959 848 1015 repetat
862 944 927 998 inira
940 946 1085 999 terminum
1098 947 1276 1014 supradictum
1290 963 1343 1015 qno
1354 946 1443 1014 elapso

276 1037 427 1090 nullatenus
445 1036 566 1089 audiatur
583 1035 633 1088 nisi
653 1033 720 1088 forte
737 1034 805 1088 infra
823 1035 910 1105 ipsum
929 1047 1033 1105 tempus
1051 1047 1118 1087 esset
1138 1048 1210 1088 mota
1223 1035 1327 1106 questio
1344 1037 1376 1088 de
1391 1053 1445 1104 pre·

277 1126 361 1179 dictis

317 1266 356 1318 55.
375 1249 443 1302 Item
461 1249 533 1320 quod
553 1247 692 1302 Clanarius
710 1245 778 1300 inlra
796 1259 848 1300 tres
866 1249 922 1302 dies
941 1247 1074 1318 Expensas
1093 1261 1232 1319 postquam
1265 1248 1330 1302 facte
1350 1247 1445 1301 inerint

280 1339 312 1390 Et
331 1347 474 1407 prouentus
492 1348 632 1407 postquam
652 1335 796 1405 receperint
814 1336 924 1388 describi
944 1336 971 1388 in
990 1336 1062 1389 libris
1075 1335 1152 1390 saciat
1170 1336 1297 1390 ordinatis
1310 1337 1336 1388 in
1351 1337 1446 1406 quibus

278 1427 376 1479 mensis
394 1437 421 1478 et
438 1425 494 1478 dies
513 1427 607 1495 quibus
626 1423 692 1478 lacte
711 1423 806 1477 luerint
825 1425 894 1478 dicre
912 1441 1039 1495 expetisse
1057 1427 1215 1496 quantitates
1229 1437 1255 1478 et
1268 1441 1344 1478 cause
1358 1439 1384 1478 et
1398 1441 1444 1478 no

278 1515 350 1566 mina
369 1529 462 1568 eorum
480 1514 576 1585 quibus
594 1514 720 1583 peccunia
739 1513 798 1566 data
817 1511 895 1566 luerit
913 1513 957 1566 uel
975 1525 1078 1583 recepta
1096 1513 1165 1566 clare
1195 1513 1349 1566 scribantur.
1369 1513 1401 1566 lit
1420 1513 1440 1566 si

280 1601 367 1672 aliqua
385 1601 535 1656 obmisserit
553 1601 586 1654 de
604 1601 726 1671 predictis
743 1617 800 1654 aon
818 1613 1007 1671 computentur
1025 1619 1138 1672 expense
1151 1603 1178 1655 in
1192 1602 1294 1656 ratione
1307 1601 1446 1655 Comanis.

319 1724 358 1794 56.
377 1724 516 1779 Clanarius
535 1724 581 1795 qui
599 1724 767 1796 negligenter
784 1724 915 1778 distulerit
934 1741 1053 1794 reparare
1072 1725 1113 1778 nel
1133 1725 1275 1778 emendare
1288 1724 1395 1796 aliquod
1415 1723 1449 1776 la·

281 1813 415 1866 borerium
433 1813 556 1866 comunis
576 1815 722 1867 consistens
740 1825 795 1865 tam
814 1814 842 1866 in
862 1812 991 1882 sortilicijs
1010 1825 1077 1865 terre
1096 1829 1176 1883 qnam
1195 1813 1222 1866 in
1246 1813 1449 1866 mactationibus

281 1900 371 1971 palacij
392 1901 548 1954 itinerorum
568 1902 694 1972 poncium
712 1914 739 1954 et
757 1903 859 1955 siarum
878 1915 1017 1974 postquam
1036 1903 1086 1955 sibi
1105 1903 1294 1954 denunciatum
1309 1900 1386 1954 fuerit
1405 1900 1447 1952 uel

281 1988 355 2042 aliter
373 1990 471 2043 noticia
490 1991 611 2043 habuerit
629 1991 662 2044 de
680 1991 809 2060 predictis.
830 1991 858 2044 Si
886 1991 1056 2043 deuastcntur
1083 1990 1127 2043 uel
1154 1991 1304 2043 dirruantur
1322 1988 1364 2042 uel
1386 1989 1448 2040 inde

281 2091 427 2146 augeantur
444 2096 557 2149 expense
576 2079 698 2132 comunis
717 2091 836 2132 teneatur
854 2081 887 2132 de
905 2079 1011 2150 proprio
1031 2079 1114 2132 lacere
1132 2097 1162 2132 ea
1191 2079 1305 2132 reactari.
1325 2079 1358 2130 Et
1376 2077 1449 2148 quod

283 2166 364 2220 nichil
383 2167 416 2218 de
435 2167 486 2220 hoc
506 2167 651 2220 rationetur
670 2167 788 2220 comuni.

322 2305 360 2358 57.
381 2289 446 2342 ltem
466 2291 537 2360 qnod
557 2289 601 2360 qui
621 2290 844 2342 administrauen't
863 2290 905 2342 uel
925 2290 1032 2360 aliquod
1051 2307 1118 2359 opus
1142 2289 1230 2343 lecerit
1258 2291 1368 2343 nomine
1387 2289 1449 2343 dicti

283 2378 414 2431 Comanis
433 2377 501 2432 inira
521 2379 578 2430 XV.
598 2379 654 2432 dies
673 2391 731 2448 post
750 2379 914 2447 completum
933 2379 1077 2446 negocium
1096 2379 1129 2432 de
1148 2380 1201 2450 ipsa
1221 2380 1451 2434 administratione

283 2466 406 2520 Clanario
426 2483 471 2536 per
489 2467 642 2537 scripturam
662 2479 782 2520 teneatur
801 2469 899 2520 bonam
918 2469 1027 2520 reddere
1045 2468 1176 2522 rationem
1195 2469 1222 2521 in
1242 2469 1330 2522 banno
1347 2468 1449 2521 solido-

283 2571 344 2608 rum
361 2554 420 2608 xx.
441 2555 606 2626 papiensium
625 2571 673 2625 pro
691 2555 838 2625 septimana
858 2555 974 2626 qualibet
992 2571 1044 2628 qua
1062 2555 1186 2610 differret.

285 2677 336 2762 58.
360 2677 409 2744 De
433 2676 641 2744 seruitoribus
664 2677 799 2746 iusticie.

319 2773 465 2837 S'entitores
483 2784 515 2838 ad
536 2783 666 2837 iusticiam
685 2784 801 2854 deputati
822 2799 867 2854 per
885 2797 1042 2854 potestatem
1061 2798 1087 2839 et
1106 2783 1227 2839 consules
1246 2801 1307 2838 curn
1321 2783 1452 2855 aliquibus

283 2869 450 2940 Sapientibus
469 2884 621 2924 assumetur
639 2871 674 2924 Et
692 2871 790 2925 liabent
809 2871 952 2926 fideiubere
980 2887 1005 2926 et
1032 2875 1211 2943 juramentum
1240 2885 1353 2942 prestare
1379 2873 1451 2942 quod

284 2959 352 3012 bene·
370 2971 395 3012 ct
414 2958 526 3013 fideliter
544 2959 699 3014 Relaciones
717 2971 743 3013 et
761 2961 812 3013 alia
830 2977 882 3031 que
895 2961 1069 3030 imponuntur
1081 2961 1177 3014 faciant
1189 2975 1215 3015 et
1228 2961 1451 3014 reiierarrteadern

284 3047 327 3100 die
345 3064 396 3118 qua
416 3045 524 3100 iecerint
542 3046 584 3100 uel
604 3047 723 3118 sequenti
736 3049 757 3101 si
770 3065 826 3101 nott
839 3050 973 3119 potuerint
987 3049 1031 3102 illa
1044 3049 1087 3102 die
1100 3051 1132 3102 lit
1151 3051 1222 3120 quod
1236 3050 1340 3102 nullum
1360 3048 1453 3120 pertale

285 3149 435 3206 preceptum
455 3135 551 3190 iaciant
568 3136 619 3188 nisi
638 3135 709 3206 prius
727 3137 841 3190 habeant
859 3137 887 3190 in
907 3138 1009 3207 scriptis
1028 3139 1060 3191 de
1079 3155 1129 3208 qna
1148 3139 1273 3207 scriptura
1301 3155 1362 3190 cunr
1382 3138 1450 3189 rela-

284 3225 362 3278 cione
380 3223 476 3278 faciant
494 3225 600 3278 notario
618 3224 719 3290 instice‚
738 3224 771 3278 Et
789 3225 912 3278 similiter
927 3226 992 3296 parti
1011 3225 1032 3278 si
1047 3239 1115 3295 petet
1128 3228 1232 3296 copiam
1247 3243 1291 3295 per
1303 3239 1450 3288 extensum,

286 3311 319 3365 Et
337 3313 408 3384 quod
427 3312 611 3384 impositiones
629 3312 667 3366 eis
686 3311 765 3366 lactas
783 3313 851 3366 nulli
869 3314 944 3366 alteri
962 3314 1082 3366 seruitori
1096 3314 1263 3383 delegabant,
1274 3314 1306 3366 Et
1319 3314 1390 3384 quod
1404 3329 1451 3383 pro

286 3401 404 3470 ipsorum
423 3401 512 3456 labore
530 3402 635 3456 nullum
654 3401 750 3471 pignus
769 3401 872 3472 capiant
890 3403 935 3456 sed
964 3403 1056 3454 omnia
1086 3401 1197 3471 pignora
1224 3419 1454 3474 quorumcumque

287 3487 383 3544 luerint
401 3490 505 3544 notario
524 3491 627 3560 justicie
639 3490 818 3544 conseruanda
832 3503 857 3543 et
871 3490 1039 3544 describe-naa
1053 3491 1238 3560 presentabant
1251 3493 1282 3544 ad
1298 3491 1454 3560 petitionem

287 3577 453 3632 creditorem
471 3595 549 3649 super
566 3579 661 3649 quibus
691 3579 846 3649 pignoribus
874 3595 974 3631 nomen
1006 3579 1081 3632 cuius
1100 3579 1177 3631 suerit
1195 3579 1361 3631 describatur.
1381 3579 1413 3632 lit
1433 3579 1452 3630 si

288 3681 362 3719 secus
380 3667 407 3719 in
427 3666 517 3737 aliquo
536 3665 634 3720 lactum
653 3665 731 3720 fuerit
750 3683 804 3718 uon
832 3666 919 3720 ualeat
946 3668 1017 3736 quod
1045 3679 1145 3734 agetur.
1178 3666 1332 3719 Teneantur
1350 3667 1456 3736 insuper

287 3754 414 3807 continue
432 3754 542 3807 detlerre
561 3754 709 3824 Capacium
727 3755 761 3808 de
779 3755 861 3808 rubeo
881 3754 923 3806 uel
943 3755 1065 3807 birretam
1094 3757 1142 3808 sub
1170 3771 1236 3824 pena
1256 3755 1402 3807 solidorum
1423 3753 1455 3816 V,

288 3857 336 3912 pro
353 3842 470 3912 qualibet
487 3843 538 3895 die.
558 3841 591 3895 Et
608 3855 748 3896 terrcantur
765 3843 814 3895 snb
832 3843 925 3894 eadem
945 3859 1013 3911 pena
1031 3841 1118 3894 saltim
1139 3842 1177 3894 bis
1198 3843 1224 3896 ia
1245 3843 1287 3895 die
1306 3843 1404 3896 scilicet
1423 3843 1456 3893 de

289 3946 368 3984 mane
386 3943 412 3983 et
429 3930 495 3982 hora
513 3947 565 4000 qna
583 3930 686 3999 justicia
705 3931 869 3984 ministratur
886 3947 913 3982 se
928 3943 1076 3998 presentare
1089 3947 1177 3982 coram
1193 3931 1305 3984 domino
1316 3931 1456 3983 Potestate.

288 4017 321 4070 Et
339 4029 402 4072 tunc
420 4029 447 4070 et
465 4017 529 4070 alias
547 4017 628 4087 ipsius
647 4031 767 4086 precepta
786 4029 811 4070 et
830 4017 1016 4087 impositiones
1035 4033 1146 4070 seruare.
1166 4018 1198 4070 lit
1217 4019 1288 4086 quod
1303 4035 1357 4071 non
1375 4020 1456 4088 possit

290 4123 335 4176 per
352 4121 514 4176 quemquem
533 4121 626 4158 comm
645 4105 751 4173 capucia
770 4103 811 4156 uel
832 4105 926 4157 birrete
945 4105 1078 4172 pignorari
1097 4107 1145 4158 sub
1164 4123 1230 4174 pena
1258 4106 1405 4161 solidorum
1424 4109 1457 4170 X.

291 4194 455 4264 papiensium
475 4205 500 4246 et
520 4192 699 4245 restitunionis
718 4192 895 4260 predictorum
915 4193 1071 4246 ablatorum.
1092 4193 1123 4246 Et
1142 4191 1194 4247 sint
1213 4195 1327 4264 exempti
1356 4209 1382 4249 et
1401 4195 1455 4248 irn-

291 4297 386 4333 munes
405 4281 452 4350 ipsi
471 4281 611 4334 seruitores
630 4279 757 4349 quamdiu
776 4279 966 4332 deseruinerint
985 4283 1056 4333 elicto
1081 4281 1169 4334 officio
1201 4283 1233 4336 ab
1265 4284 1390 4336 omnibns
1410 4285 1455 4338 iro

293 4371 399 4422 neribus
410 4369 480 4422 dicti
500 4368 631 4422 Comunis
649 4379 704 4422 tam
723 4367 838 4422 realibus
856 4385 937 4438 quam
956 4369 1145 4438 persondibes
