3978 5546
1396 499 1431 552 49

307 605 366 675 25⁶.
385 607 428 676 (1)
446 607 514 660 ltem
531 619 658 662 statutum
676 607 805 679 estquod
832 623 926 660 omnes
953 619 980 660 et
1007 607 1106 678 singuli
1135 617 1254 660 tenentes
1272 603 1385 660 uasallos
1402 606 1431 660 in

270 693 375 764 bugella
393 705 556 764 pressentent
573 695 643 764 ipsos
661 695 813 749 consulibus
831 693 943 766 bugelle.
962 696 995 748 ad
1014 694 1158 765 jurandum
1181 693 1329 747 saluitatem
1348 709 1432 764 usque

270 782 303 834 ad
322 781 617 836 natiuitatemdornini.
636 782 726 853 etqui
756 799 802 836 eos
820 797 909 852 poster
938 781 1089 836 firmauerit
1119 781 1197 836 infra.
1216 781 1277 836 XV.
1299 781 1355 834 dies
1373 791 1433 852 post

270 885 351 940 quam
368 885 415 922 eos
432 868 583 922 iirrnauerit.
603 883 628 923 et
646 871 691 940 qui
710 869 890 924 contrafecerit
908 869 994 923 soluit
1012 871 1131 924 bannum
1143 886 1190 940 pro
1203 869 1321 942 quolibet
1333 881 1360 922 et
1371 885 1433 940 qua·

269 955 333 1009 libet
350 955 416 1009 uice.
436 955 483 1010 sol.
502 954 535 1009 V.
554 967 580 1008 et
598 973 645 1026 pro
663 955 782 1028 quolibet
800 972 904 1010 mensse
921 955 969 1010 sol.
990 955 1023 1010 V.
1043 973 1086 1028 pp.

282 1155 295 1172 x
306 1108 364 1162 257.
384 1093 427 1164 (2)
445 1095 512 1148 ltenr
530 1106 658 1151 statutum
676 1095 805 1167 estquod
822 1095 910 1168 aliqui
928 1095 971 1150 uel
990 1097 1032 1166 (3)
1069 1135 1076 1150 .
1114 1135 1121 1149 .
1158 1135 1165 1150 .
1202 1135 1210 1149 .
1256 1095 1434 1151 Vniuerssitas

269 1182 303 1234 de
320 1193 392 1234 ertra
410 1181 545 1252 bugellam
563 1199 615 1254 que
632 1199 704 1236 nunc
721 1195 772 1236 stat
789 1183 832 1238 uel
851 1184 971 1238 decetero
989 1185 1092 1239 uenerit
1110 1183 1285 1238 habitandum
1303 1197 1330 1238 et
1357 1197 1431 1238 stan-

269 1268 335 1322 dum
353 1269 381 1321 in
399 1269 513 1340 bugella.
531 1270 588 1323 siue
606 1270 635 1324 in
654 1271 710 1324 eius
728 1283 801 1324 crrrte
819 1283 845 1326 et
856 1272 988 1325 territorio
1001 1289 1056 1326 non
1069 1271 1151 1341 possit
1163 1287 1211 1324 nec
1221 1272 1316 1325 debeat
1328 1287 1433 1341 pascere

269 1371 319 1408 nec
337 1357 444 1410 bostare
461 1357 492 1410 ln
511 1358 670 1412 comunibus
688 1369 714 1412 et
734 1359 838 1412 buschis
856 1371 882 1412 et
900 1360 1001 1429 pascuis
1019 1359 1126 1429 bugelle
1138 1375 1188 1412 nec
1201 1376 1279 1429 super
1291 1359 1348 1412 eius
1360 1369 1433 1412 curte

269 1457 296 1500 et
313 1445 445 1498 territorio
462 1445 513 1498 nisi
532 1445 603 1517 prius
621 1445 710 1500 fecerit
728 1446 771 1500 uel
789 1444 898 1500 fecerint
915 1447 1014 1500 bonam
1033 1459 1059 1500 et
1077 1447 1210 1518 ydoneam
1224 1447 1391 1500 securitatem
1400 1447 1434 1500 de

268 1532 403 1586 soluendis
421 1532 530 1586 comuni
549 1545 575 1586 et
592 1533 747 1588 hominibus
766 1533 878 1604 bugelle.
897 1533 979 1586 fodris
996 1534 1079 1604 dacijs
1096 1533 1185 1587 scuffis
1203 1545 1229 1587 et
1243 1534 1302 1604 alijs
1314 1534 1433 1603 impossi-

269 1620 399 1674 cionibus.
416 1621 484 1674 sicut
501 1619 545 1690 slij
566 1620 689 1674 homines
707 1633 804 1674 stantes
822 1633 849 1674 et
866 1621 1013 1674 habitantes
1031 1622 1059 1675 in
1079 1621 1213 1690 bugellam
1226 1634 1252 1676 et
1270 1621 1315 1691 qui
1334 1633 1434 1674 contra-

269 1705 359 1760 fecerit
384 1706 472 1762 soluat
494 1723 542 1778 pro
569 1707 688 1777 quolibet
705 1719 731 1761 et
749 1707 866 1778 qualibet
892 1708 950 1760 vice
980 1708 1029 1762 sol.
1048 1708 1112 1764 XX
1132 1726 1174 1779 pp.
1194 1721 1221 1762 et
1247 1709 1370 1762 consules
1388 1725 1434 1778 per

270 1810 363 1848 eorum
381 1807 583 1850 sacramentum.
611 1795 790 1848 Incontinenti
818 1794 948 1866 expellere
965 1807 992 1850 et
1018 1795 1113 1867 expelli
1133 1795 1218 1850 facere
1235 1807 1374 1851 teneantur
1392 1813 1434 1866 pa-

270 1895 372 1936 scantes
390 1895 416 1936 et
434 1883 570 1936 boscames
588 1895 615 1936 et
633 1895 724 1936 contm
743 1883 857 1954 predicta
875 1881 1008 1936 facientes.

307 2022 366 2091 258.
385 2023 428 2092 (4)
455 2023 523 2077 Item
541 2033 669 2076 statutum
687 2023 816 2094 estquod
835 2021 924 2077 nullus
941 2023 1035 2078 debeat
1052 2023 1171 2078 habitare
1188 2039 1250 2078 cnm
1268 2021 1369 2078 familia
1387 2039 1434 2077 sua

271 2125 286 2162 a
305 2111 438 2164 canalibus
457 2109 561 2164 Garelle
579 2110 698 2181 superius
715 2123 741 2164 et
759 2111 805 2182 qui
823 2109 1004 2164 contrafecerit
1021 2111 1108 2166 soluat
1121 2111 1239 2164 bannum
1257 2127 1305 2180 pro
1318 2111 1434 2180 qualibet

271 2197 401 2252 edomada
419 2215 470 2268 qua
488 2197 525 2252 ibi
544 2199 643 2252 steterit
661 2199 843 2268 postquamei
871 2210 1023 2268 perceptum
1050 2198 1128 2252 fuerit
1146 2199 1218 2268 quod
1242 2213 1298 2252 non
1316 2210 1366 2252 stet
1384 2199 1433 2252 sol.

271 2283 335 2340 XX
354 2303 396 2355 pp.
415 2285 481 2339 Etsi
493 2287 565 2356 quod
578 2287 725 2356 dampnum
743 2285 768 2338 ei
787 2285 860 2339 fieret
878 2285 972 2339 stando
991 2285 1059 2338 ultra
1077 2287 1162 2354 ipsam
1172 2283 1264 2338 tiniam
1277 2301 1332 2340 non
1345 2303 1434 2340 ernen-

271 2374 347 2426 detur
364 2373 413 2426 sibi
432 2389 447 2426 a
465 2373 575 2426 comuni
594 2373 636 2442 (5)
655 2388 704 2425 nec
722 2373 803 2442 possit
821 2384 889 2426 stare
907 2389 923 2426 a
940 2385 1013 2442 parte
1031 2372 1133 2426 berloni
1152 2385 1224 2424 exne
1242 2383 1329 2442 portas
1348 2373 1433 2442 placij.

271 2473 296 2513 et
315 2459 436 2513 consules
454 2471 592 2513 teneantur
619 2460 753 2530 inquirere
780 2471 807 2514 et
830 2461 961 2530 precipere
987 2460 1036 2513 sub
1055 2459 1126 2513 dicto
1145 2461 1234 2512 banno
1261 2460 1283 2512 si
1302 2460 1340 2512 eis
1358 2458 1434 2513 fuerit

270 2549 458 2602 denunciatum
477 2558 504 2600 et
521 2548 593 2617 quod
612 2565 667 2600 non
687 2546 786 2618 possint
805 2547 902 2602 habere
919 2547 1030 2618 gratim
1049 2547 1215 2600 acredencir
1228 2546 1270 2600 uel
1280 2545 1432 2600 consulibus

271 2637 321 2690 nisi
340 2635 429 2688 fecerit
447 2635 546 2688 bonam
564 2635 730 2688 securitatem
749 2635 853 2688 domini
870 2634 1023 2688 carinamm
1041 2635 1113 2705 quod
1132 2647 1230 2688 stantes
1243 2646 1270 2688 et
1287 2635 1435 2688 habitantes

270 2725 298 2776 in
317 2723 393 2778 dictis
411 2723 510 2776 carinis
528 2739 584 2776 noo
604 2722 699 2776 faciant
717 2723 832 2794 dampna
850 2721 928 2776 alicui
947 2739 1058 2792 persone
1076 2734 1102 2776 et
1120 2723 1142 2776 si
1161 2721 1343 2776 contrafecerit
1361 2722 1433 2792 quod

270 2811 376 2864 soluant
394 2811 480 2864 banna
499 2811 637 2881 duplicata.
656 2809 803 2864 secundum
821 2811 893 2881 quod
912 2809 1026 2864 facerent
1043 2810 1087 2879 alij
1108 2809 1240 2864 homines
1253 2821 1280 2864 et
1291 2809 1366 2862 aliter
1378 2825 1434 2862 non

271 2897 372 2968 possint
390 2897 486 2950 habere
504 2896 642 2950 licenciam
660 2913 675 2950 a
694 2896 829 2949 credentia
847 2907 874 2950 et
885 2896 1020 2950 restituere
1032 2897 1146 2966 dampna
1158 2896 1306 2967 duplicata:
1324 2907 1351 2949 et
1363 2895 1435 2966 quod

271 3001 326 3038 non
345 2985 446 3056 possint
464 2995 553 3037 tenere
571 2983 684 3054 porchos
711 2999 800 3052 capras
826 2998 913 3053 neque
930 2981 1049 3052 agnellos
1076 2984 1125 3035 sub
1154 2983 1242 3036 banno
1260 2981 1309 3036 sol.
1338 2981 1374 3036 X.
1393 2999 1435 3052 pp.

271 3087 318 3140 pro
336 3071 452 3142 qualibet
471 3071 553 3124 bestia
571 3081 597 3124 et
615 3070 726 3141 quilibet
744 3071 826 3140 possit
843 3085 961 3123 acussrre
979 3080 1005 3122 et
1023 3081 1143 3123 tenentur
1161 3071 1278 3140 priuatus
1296 3069 1317 3124 si
1336 3086 1436 3123 atussa-

272 3159 321 3212 tori
341 3157 466 3229 placuerit
484 3159 535 3228 (5).

308 3311 367 3366 259·
386 3295 429 3364 (6)
448 3297 514 3351 ltem
533 3308 660 3352 statutum
679 3309 718 3350 est
736 3297 808 3368 quod
825 3295 920 3368 aliquis
938 3311 993 3348 non
1013 3296 1095 3365 possit
1113 3295 1191 3366 recipi
1211 3295 1241 3350 ln
1260 3295 1435 3350 habitatorem

271 3385 394 3438 comunis
413 3384 517 3456 bugelle
535 3385 586 3438 nisi
604 3385 675 3455 prius
702 3385 802 3439 steterit
820 3397 846 3438 ct
864 3383 1021 3438 habitauerit
1048 3383 1076 3438 in
1105 3384 1238 3456 bugellarn
1257 3399 1318 3438 cum
1337 3399 1384 3438 sua
1402 3383 1437 3438 fa·

272 3472 346 3525 milia
364 3489 410 3542 per
427 3487 512 3526 annos
529 3473 622 3528 decem
641 3473 775 3527 continue.

308 3611 366 3666 260.
385 3612 428 3681 (7)
446 3612 514 3666 Item
532 3623 659 3666 statutum
677 3612 806 3682 estquod
824 3612 912 3684 aliqua
930 3629 1042 3683 persona
1054 3613 1228 3684 mdecunque
1239 3611 1273 3666 sit
1285 3627 1340 3666 non
1354 3611 1437 3683 possit

299 3787 326 3838 (ι)
339 3785 398 3840 Juxta
411 3799 456 3840 cup.
472 3785 518 3836 25⁶.
532 3787 630 3838 scriptun
643 3795 689 3826 esti
705 3783 782 3826 w.

300 3855 398 3910 (inum
412 3867 457 3908 ccp.
473 3865 519 3906 257.
534 3856 632 3909 scriptum
646 3865 691 3896 est:
709 3853 775 3896 Vacat.

297 3927 327 3978 (tl
344 3927 410 3966 Locos
424 3937 508 3966 mnus.

299 3999 329 4047 (rr
339 3995 402 4049 lm
413 4007 457 4050 nep.
473 3998 519 4045 ²5⁸·
535 3997 632 4048 scriptun
645 4005 691 4036 ectr
705 3991 780 4036 Palu.

297 4065 328 4117 (pl
342 4067 372 4116 (ς)
388 4063 453 4104 Verba
466 4067 568 4119 postulor
582 4065 657 4105 uuir.

300 4135 330 4186 (6)
344 4133 399 4174 lein
412 4145 457 4188 cap.
472 4143 518 4186 259.
533 4137 630 4188 scriptun
643 4143 689 4174 esti
706 4131 803 4174 &rum
817 4141 843 4174 cri
854 4141 887 4188 pn
900 4133 1020 4176 adum.

300 4204 328 4255 (7)
343 4203 397 4244 infra
411 4216 455 4258 cap.
471 4205 517 4244 rio.
533 4205 628 4258 scripturo
643 4213 689 4244 eati
704 4203 834 4258 ὓὺμιιώι
848 4212 914 4259 erip
927 4205 1039 4246 erman
1049 4219 1102 4260 erpu
1111 4206 1136 4246 d
1145 4207 1256 4248 winuli„
1271 4208 1328 4264 fprirr
1342 4205 1436 4248 adath.

276 4271 412 4312 formantem
427 4285 472 4324 cap.
487 4275 583 4326 scriptum
598 4283 643 4312 est:
659 4273 803 4316 ticceffll.

329 4379 412 4418 Serti.
431 4399 450 4408 -
470 4389 487 4416 t.
1369 4397 1380 4430 4
