3978 5546
532 651 585 706 hoc
603 663 730 724 perpetuo
747 650 781 708 sit
799 649 914 706 infamis
932 652 972 706 Ita
989 652 1061 724 quod
1080 649 1136 723 ipse
1154 667 1203 706 nec
1222 651 1279 706 eius
1297 649 1344 724 filij
1364 651 1397 706 ad
1410 651 1513 726 aliquos
1524 653 1698 710 admittantur

531 739 656 796 honores
674 756 724 794 nec
741 739 823 810 possit
844 739 941 794 habere
958 740 1014 810 ipse
1032 756 1081 794 nec
1100 739 1157 794 eius
1170 739 1216 812 filij
1231 739 1340 812 aliquod
1351 739 1471 794 officium
1483 741 1525 796 vel
1537 741 1696 800 beneficium

532 829 575 898 (1)
594 827 707 900 bugelle.
734 829 767 882 Et
794 828 841 900 qui
858 827 1040 882 contrafecerit
1066 827 1153 883 soluat
1172 829 1300 882 bannum
1320 827 1407 882 libras
1427 829 1460 882 X.
1479 845 1521 901 pp.
1540 829 1574 884 Et
1591 841 1696 901 emptor

532 917 622 986 perdat
640 933 671 970 ea
688 933 740 986 que
758 917 852 970 emerit
870 929 896 970 et
914 916 1069 986 perueniant
1087 916 1114 970 in
1134 933 1250 970 comune
1268 915 1381 988 bugelle.
1394 917 1428 971 Et
1444 916 1481 972 ita
1499 933 1545 988 ptr
1562 918 1654 972 omnia
1665 930 1696 973 ut

531 1020 609 1074 supra
626 1003 723 1075 legitur
741 1003 880 1058 machalua
898 1005 1010 1058 seruitor
1027 1004 1149 1059 comunis
1176 1003 1282 1076 bugelle
1311 1006 1345 1060 de
1371 1005 1489 1060 uolutate
1507 1017 1534 1060 et
1551 1022 1694 1060 couseassu

532 1091 655 1146 omnium
673 1092 910 1146 credenciariorum
929 1105 955 1147 et
972 1109 1051 1163 super
1068 1108 1161 1148 eorum
1180 1093 1283 1148 animas
1297 1093 1400 1164 Jurauit
1417 1094 1549 1148 adsancta
1561 1093 1604 1148 dei
1616 1111 1695 1148 enan·

529 1179 600 1250 gella
617 1179 669 1234 hoc
687 1191 815 1236 statutum
834 1179 942 1234 firmum
961 1193 987 1234 et
1005 1193 1092 1234 ratum
1110 1179 1207 1234 babere
1231 1193 1259 1235 et
1277 1192 1368 1235 tenere
1386 1183 1459 1253 quod
1477 1193 1605 1236 stannum
1623 1199 1692 1237 oon-

530 1266 665 1322 ftrmatum
683 1280 722 1322 est
739 1285 785 1338 per
803 1268 945 1324 dominum
962 1269 1124 1340 Episcopum
1143 1267 1347 1323 vercellensem

566 1422 625 1477 245.
644 1408 712 1462 Item
729 1419 857 1486 statutum
876 1421 902 1462 et
919 1408 1073 1463 ordinatum
1091 1421 1130 1462 ast
1148 1409 1220 1478 quod
1238 1425 1333 1462 ornnes
1351 1421 1377 1462 et
1395 1408 1493 1480 singuli
1517 1409 1641 1465 homines
1659 1411 1693 1465 de

530 1495 635 1566 bugella
653 1507 679 1550 et
696 1507 795 1550 stantes
812 1497 845 1550 ed
863 1496 1011 1550 habitantes
1029 1496 1129 1550 ibidem
1157 1497 1269 1550 debeant
1295 1495 1399 1550 soluere
1416 1509 1443 1551 et
1466 1497 1612 1552 substinere
1629 1515 1691 1552 cum

529 1582 640 1638 comuni
658 1595 685 1637 et
702 1583 857 1638 hominibus
876 1583 982 1654 bugelle
999 1583 1091 1638 omnia
1110 1582 1185 1638 fodra
1203 1595 1228 1638 et
1246 1599 1328 1637 onera
1345 1583 1384 1638 eis
1402 1595 1428 1638 et
1446 1583 1553 1638 cuilibet
1573 1584 1691 1655 ipsorum

529 1671 665 1741 impossita
683 1683 709 1725 et
727 1689 779 1744 que
797 1672 830 1725 de
848 1684 935 1726 cetero
954 1672 1126 1742 imponentur
1143 1688 1189 1742 per
1206 1687 1323 1725 comune
1340 1683 1366 1725 et
1384 1671 1508 1725 homines
1526 1670 1632 1742 bugelle
1643 1689 1691 1744 pro

528 1758 602 1812 terris
620 1769 647 1812 et
664 1759 872 1829 possessionibus
890 1771 917 1813 et
935 1758 1012 1814 bonis
1030 1776 1095 1832 quas
1113 1775 1185 1814 nunc
1203 1758 1303 1813 habent
1320 1770 1346 1812 et
1364 1759 1398 1812 de
1415 1770 1503 1814 cetero
1515 1758 1650 1814 habebunt
1661 1760 1690 1814 in

528 1859 600 1901 curte
618 1859 644 1901 et
662 1848 793 1902 territorio
812 1847 917 1918 bugelle
935 1861 961 1902 et
979 1846 1096 1902 Vernati.

563 1987 622 2054 246.
642 1988 709 2041 Item
727 1999 855 2042 statutum
873 1999 912 2042 est
930 1989 1003 2059 quod
1022 2003 1118 2042 onmes
1134 2000 1203 2042 terre
1221 1999 1247 2041 et
1265 1987 1443 2058 possessiones
1461 1987 1593 2042 dictomm
1605 1969 1691 2042 homi·

527 2093 593 2129 num
612 2075 645 2129 de
663 2075 768 2146 bugella
786 2093 851 2146 quas
869 2093 940 2129 nunc
958 2075 1057 2130 habent
1075 2075 1152 2128 etde
1170 2088 1256 2156 cetero
1275 2075 1409 2129 habebunt
1427 2075 1455 2128 in
1474 2076 1549 2129 dictis
1567 2075 1646 2146 curijs
1663 2087 1691 2129 et

526 2163 663 2217 territoriis
681 2162 787 2232 bugelle
805 2175 831 2217 et
849 2164 960 2216 uernati.
978 2164 1031 2217 sint
1049 2181 1081 2216 ex
1100 2179 1171 2216 nunc
1189 2163 1267 2216 tacite
1285 2175 1311 2216 et
1322 2179 1441 2233 expresse
1453 2162 1569 2234 obligate
1580 2163 1689 2218 comuni

526 2263 552 2304 et
570 2249 725 2304 hominibus
743 2249 848 2320 bugelle
866 2267 914 2321 pro
933 2248 1014 2303 fodris
1033 2263 1059 2304 et
1077 2251 1201 2304 oneribus
1219 2263 1245 2303 et
1258 2249 1345 2304 scullis
1363 2263 1389 2304 et
1401 2251 1460 2322 alijs
1472 2249 1689 2322 iupossltionibus

526 2336 660 2390 soluendis
679 2349 704 2390 et
722 2336 899 2390 substinendis
918 2338 1027 2390 comuni
1047 2349 1073 2390 et
1091 2337 1246 2391 hominibus
1264 2337 1377 2408 bugelle.

561 2474 620 2528 247.
639 2460 707 2514 Item
725 2471 852 2514 statutum
871 2471 911 2513 est
928 2460 1000 2531 quod
1012 2459 1034 2513 si
1047 2460 1213 2530 contingeret
1225 2460 1297 2530 qood
1309 2459 1397 2532 aliqua
1415 2476 1526 2531 persona
1537 2462 1572 2515 de
1583 2460 1689 2533 bugella

525 2549 567 2603 uel
587 2561 658 2602 stans
676 2547 733 2600 siue
750 2546 872 2601 habitans
889 2547 917 2601 in
937 2547 1042 2618 bugella
1060 2548 1185 2602 venderet
1202 2548 1329 2602 alienaret
1345 2547 1436 2618 aliquo
1453 2548 1531 2603 titolo
1542 2549 1622 2604 alicui
1634 2566 1689 2619 per·

524 2654 591 2690 sone
609 2635 652 2689 uel
671 2635 789 2706 personis
807 2636 916 2690 comuni
935 2634 1050 2706 collegIo
1068 2635 1110 2688 uel
1130 2635 1295 2688 uniuersitati
1313 2633 1414 2706 aliquas
1431 2647 1511 2689 terras
1529 2635 1571 2690 uel
1591 2653 1689 2706 posses·

524 2725 613 2779 siones
630 2739 696 2795 quas
713 2738 785 2776 nunc
803 2721 883 2776 habet
901 2721 943 2776 uel
962 2723 996 2776 de
1013 2734 1101 2776 cetero
1128 2721 1236 2776 habebit
1253 2723 1282 2775 in
1301 2722 1423 2792 predictis
1449 2723 1530 2792 curiis
1556 2723 1688 2778 territorio

525 2810 631 2882 bugelle
648 2822 675 2864 et
693 2810 803 2863 uernati.
822 2822 848 2864 et
866 2821 971 2880 emptor
987 2811 1045 2863 siue
1062 2808 1190 2880 aquisitor
1208 2808 1293 2863 nollet
1309 2809 1413 2863 soluere
1431 2809 1474 2863 uel
1492 2809 1583 2881 aIIquo
1604 2811 1687 2866 modo

524 2918 552 2954 se
565 2897 726 2953 deffenderet
743 2898 808 2967 quin
825 2897 939 2951 solueret
957 2896 1032 2950 fodra
1041 2909 1067 2949 et
1079 2897 1170 2950 omnia
1180 2913 1261 2950 onera
1270 2909 1297 2950 et
1305 2897 1493 2968 inpossitiones
1503 2899 1687 2968 suprascriptas

523 2987 573 3040 sibi
592 2986 731 3055 inpossitas
749 3001 794 3054 per
811 2985 912 3038 dictum
930 3000 1046 3038 comune
1063 2983 1176 3054 bugelle.
1195 2985 1267 3054 quod
1286 2984 1407 3038 venditor
1418 2985 1476 3038 siue
1484 2985 1560 3038 dator
1571 2985 1687 3055 ipsarum

523 3087 651 3128 terramm
669 3071 712 3127 uel
731 3072 927 3142 pomessionum
945 3083 1065 3126 teneann
1082 3072 1138 3141 ipsa
1156 3070 1230 3126 fodra
1252 3083 1279 3124 et
1300 3071 1401 3126 honera
1413 3071 1559 3126 substinere
1570 3089 1632 3126 cum
1645 3090 1687 3128 co-

524 3163 598 3215 muni
617 3173 645 3215 et
662 3160 816 3214 hominibus
835 3159 947 3230 bugelle.
966 3172 993 3212 et
1010 3158 1092 3212 nichil
1112 3159 1239 3212 hominus
1256 3159 1325 3213 dicte
1343 3159 1520 3230 possessiones
1532 3161 1687 3232 perumisnt

523 3248 551 3302 in
569 3265 685 3303 cornuae
703 3246 808 3318 bugelle
825 3246 972 3301 secundum
990 3246 1104 3300 lorrnam
1122 3245 1235 3300 aliorum
1254 3257 1420 3302 stamtorum.

559 3371 618 3437 248.
637 3371 705 3424 Item
723 3382 851 3424 statutum
869 3380 908 3422 est
926 3369 998 3440 quod
1026 3368 1121 3440 aliquis
1148 3369 1193 3439 qui
1222 3385 1278 3422 non
1296 3370 1330 3422 sit
1356 3368 1488 3424 habitator
1506 3370 1611 3441 bugelle
1629 3387 1684 3425 non

522 3461 604 3529 possit
622 3475 671 3512 nec
689 3459 782 3512 debeat
799 3457 897 3510 habere
914 3456 1030 3527 aliquam
1042 3456 1158 3528 graciam
1170 3456 1277 3511 emendi
1287 3459 1344 3510 siue
1353 3457 1443 3530 aliquo
1453 3458 1532 3511 titulo
1544 3458 1587 3512 uel
1600 3457 1684 3512 sonna

522 3547 658 3620 aquirendi
677 3546 794 3617 aliquem
812 3545 1005 3616 possessionem
1023 3545 1134 3599 alicuius
1151 3544 1270 3598 hominis
1288 3545 1322 3599 de
1340 3545 1446 3616 bugella
1462 3563 1540 3617 super
1553 3546 1684 3601 territorio

522 3634 627 3706 bugelle
645 3647 671 3688 et
689 3633 799 3688 uernati.
818 3633 851 3687 Et
869 3632 991 3686 consules
1009 3650 1055 3704 per
1073 3649 1166 3686 eorum
1185 3645 1379 3687 sacramentum
1397 3651 1452 3688 non
1465 3635 1607 3706 permitant
1620 3633 1684 3705 poni

521 3723 549 3776 in
568 3723 703 3777 credentia
721 3722 793 3793 quod
812 3723 880 3776 dicta
898 3721 986 3792 gracia
1004 3722 1029 3774 ei
1047 3720 1090 3774 uel
1109 3721 1147 3774 eis
1165 3707 1210 3775 fiat
1229 3722 1318 3792 etqui
1337 3722 1466 3792 possuerit
1483 3723 1512 3777 in
1542 3724 1683 3778 credentia.

521 3811 607 3864 soluat
624 3828 672 3881 pro
691 3810 810 3881 quolibet
827 3821 853 3863 et
872 3808 987 3879 qualibet
1005 3809 1064 3862 uice
1082 3807 1130 3862 sol.
1149 3807 1205 3864 xi.
1224 3826 1266 3880 pp.
1286 3810 1375 3880 etqui
1403 3809 1559 3864 conscilium
1583 3811 1684 3864 dederit

521 3913 598 3967 super
616 3897 730 3967 predicta
749 3897 891 3968 prepossita
909 3896 981 3966 quod
1000 3895 1044 3949 liat
1062 3895 1149 3966 gracia
1167 3896 1201 3950 de
1218 3897 1340 3966 predictis
1358 3897 1445 3950 soluat
1458 3914 1505 3966 pro
1518 3897 1643 3970 quolibet.
1657 3909 1683 3951 et

521 3984 637 4054 qualibet
655 3984 714 4037 uice
731 3983 818 4037 simile
837 3985 963 4037 bannum.
983 3995 1009 4038 et
1027 3983 1148 4036 consules
1161 3995 1300 4037 teneantur
1311 3997 1433 4037 excutere
1444 3985 1513 4038 dicta
1526 3985 1613 4038 banna
1621 3997 1683 4039 ante

521 4088 601 4142 quana
620 4072 709 4125 exiant
726 4072 759 4124 de
777 4071 909 4125 credentis
927 4073 960 4124 de
978 4071 1073 4142 quibus
1091 4071 1185 4124 bannis
1203 4069 1305 4125 nullam
1323 4073 1424 4142 possint
1452 4071 1549 4126 habere
1566 4073 1683 4142 gradam

521 4171 547 4212 et
565 4158 610 4228 qui
629 4158 777 4212 consuleret
795 4171 887 4212 contra
904 4159 1019 4228 predicta
1037 4159 1109 4228 quod
1127 4157 1215 4228 aliqua
1232 4159 1320 4229 gracia
1347 4157 1420 4212 fieret
1447 4159 1480 4212 de
1498 4159 1619 4229 predictis
1636 4159 1683 4214 illa

520 4246 670 4317 respoossIo
688 4247 731 4300 uel
750 4246 906 4300 conscilium
923 4246 961 4300 sic
979 4246 1071 4301 datum
1089 4246 1132 4300 uel
1150 4245 1307 4302 relormacio
1324 4247 1363 4301 sic
1380 4251 1447 4302 lacta
1464 4247 1517 4302 sint
1528 4263 1599 4302 casse
1610 4247 1683 4302 irrite

521 4325 663 4390 et'nullim
681 4334 778 4390 ualoris
796 4335 881 4406 adque
899 4334 1038 4390 momenti.
