3978 5546
1412 409 1446 466 27

321 538 377 590 142.
396 523 464 578 Item
483 533 611 578 statutum
628 533 669 576 est
687 522 759 594 quod
778 520 912 594 Camparij
932 537 1088 594 camporum
1106 536 1162 578 non
1180 521 1292 575 debeant
1310 535 1401 589 capere
1413 518 1446 572 de

282 612 401 682 quolibet
418 623 522 682 pastore
540 622 636 666 euente
662 627 708 682 per
735 609 920 682 Campagnarn
938 609 1044 682 bugelle
1062 609 1129 664 ultra
1147 607 1277 664 denarr'os.
1307 605 1390 660 11110'.
1410 605 1448 658 ui·

282 698 377 752 delicet
394 698 579 753 causa·eund'n
598 711 625 752 et
642 697 807 753 Reddeundi.
825 697 859 752 Et
877 713 933 754 nou
951 697 1117 769 Intelligatur
1134 697 1168 751 de
1186 695 1309 751 euntibus
1322 711 1367 766 per
1378 709 1447 748 cant-

282 801 397 856 pognam
416 785 533 841 Vernati
552 787 586 840 Et
603 785 649 858 qui
668 785 856 841 contrafecerit.
875 785 962 841 soluat
973 787 1092 840 bannum
1105 801 1154 856 pro
1166 783 1285 856 quolibet
1296 781 1448 854 etqualibet

282 873 340 927 uice
358 873 406 928 sol.
425 873 458 928 X.
478 891 520 945 pp.

321 1031 378 1085 143.
397 1017 440 1086 (1)
458 1016 526 1070 Item
544 1027 672 1070 statutum
699 1017 828 1087 estquod
846 1017 892 1089 qui
919 1016 1094 1070 arrnncauerit
1111 1013 1154 1070 uel
1178 1013 1332 1084 strepruerit
1349 1010 1461 1066 alienas·

283 1105 433 1158 remerticas
451 1104 494 1158 uel
513 1103 651 1176 maglodns
668 1105 697 1158 in
715 1103 809 1158 alienis
826 1105 1034 1174 possessionibus
1051 1103 1138 1158 soluat
1156 1103 1274 1156 bmnurn
1292 1100 1381 1156 dedic
1399 1097 1448 1154 sol.

283 1191 342 1246 XX.
361 1191 438 1246 etde
456 1203 535 1246 nocte
553 1191 601 1246 sol.
620 1191 676 1246 XI..
695 1205 722 1246 et
739 1191 785 1245 ille
802 1192 849 1262 qui
867 1203 966 1246 emeret
984 1192 1066 1246 dietas
1083 1189 1213 1260 maglolas
1230 1188 1317 1243 soluat
1329 1188 1448 1242 bannum

283 1279 332 1334 sol.
350 1279 408 1334 XX.
427 1279 461 1334 Et
478 1279 590 1350 quilibet
608 1280 689 1350 possit
707 1295 828 1334 accusare
846 1291 873 1333 et
891 1280 1050 1334 denunciare
1075 1291 1102 1332 et
1120 1277 1215 1332 habent
1244 1293 1320 1332 sunm
1347 1287 1448 1346 panno

283 1369 372 1422 benni.

418 1647 466 1702 DE
485 1647 636 1703 BUSCHIS
656 1647 859 1704 LIGNAMINE
877 1647 925 1703 ET
944 1647 1123 1704 SORTIBUS
1143 1679 1174 1688 -
1194 1647 1225 1702 R.
1244 1647 1314 1702 VIII.

320 1857 377 1910 ¹44·
396 1841 531 1896 Stntutum
550 1855 626 1898 estet
644 1843 797 1898 ordinatum
816 1845 888 1915 quod
906 1841 996 1898 nullus
1014 1843 1107 1898 debeat
1125 1856 1215 1896 tenere
1232 1841 1334 1912 ailquas
1352 1838 1448 1894 bestias

285 1931 312 1984 ln
332 1931 441 1985 comuni
469 1930 580 1984 bruneto
606 1948 655 1985 nec
683 1933 711 1985 in
730 1933 843 1986 sortibus
862 1947 944 2001 usque
971 1931 1004 1985 ad
1023 1943 1074 1984 tres
1092 1947 1177 1984 annos
1205 1943 1344 2000 postquam
1362 1937 1450 1980 essent

284 2019 399 2072 brunate.
419 2018 451 2072 Et
470 2020 516 2090 qui
542 2018 724 2073 contrafecerit
751 2019 837 2074 solunt
865 2021 982 2072 bannum
1010 2018 1059 2072 sol.
1078 2019 1111 2072 V.
1131 2035 1173 2088 pp.
1192 2018 1224 2072 Et
1254 2015 1375 2070 consules
1393 2030 1449 2067 non

209 2091 224 2098 '
283 2106 384 2176 possint
402 2107 464 2160 <ure
482 2107 630 2162 tremerem,
648 2107 682 2161 et
700 2119 839 2162 teneantur
856 2107 991 2179 inquirere
1008 2107 1052 2176 (2)
1071 2107 1273 2162 mcccxxxv
1291 2108 1401 2164 Pendet

326 2268 384 2321 145.
403 2251 470 2304 Item
489 2260 616 2304 statutum
635 2263 673 2303 est
691 2250 764 2320 quod
782 2249 869 2320 ailqua
887 2265 999 2320 persona
1017 2267 1072 2304 non
1092 2251 1185 2304 debeat
1202 2267 1291 2304 emere
1312 2253 1345 2306 ab
1363 2250 1451 2323 aliqua

284 2357 395 2414 persona
413 2339 521 2411 aliquod
540 2338 650 2391 buscum
669 2338 720 2390 nisi
739 2337 765 2390 in
785 2337 895 2408 publicis
914 2337 1025 2408 platheis
1038 2337 1150 2408 bugelle.
1164 2339 1197 2392 Et
1208 2339 1254 2410 qui
1271 2339 1452 2394 contrafecerit

284 2430 371 2484 solunt
388 2430 507 2482 bannum
527 2442 574 2496 pro
593 2425 711 2495 quolibet
730 2437 756 2478 et
774 2425 890 2496 qualibet
909 2427 967 2479 uice
985 2425 1033 2480 sol.
1052 2426 1085 2480 ll
1104 2443 1146 2497 pp.
1166 2439 1220 2480 tam
1248 2439 1353 2498 emptor
1370 2443 1450 2498 quam

285 2517 416 2572 uenditor.
434 2515 468 2570 Et
485 2513 607 2568 consules
625 2525 765 2566 teneantur
782 2513 917 2584 inquirere
935 2529 1012 2584 super
1030 2513 1091 2568 illos
1109 2515 1154 2585 qui
1173 2515 1315 2570 ementuel
1326 2515 1450 2570 uendent.

285 2619 312 2658 et
329 2620 407 2674 super
424 2603 484 2656 illos
502 2617 570 2672 quos
587 2601 737 2654 audiuerint
765 2613 868 2670 portare
900 2600 943 2654 uel
961 2613 1077 2670 portasse
1095 2601 1203 2673 aliquod
1230 2604 1349 2656 buscum.
1368 2615 1395 2656 et
1411 2601 1451 2656 illi

285 2691 331 2763 qui
350 2701 483 2762 portarent
501 2689 554 2742 sint
572 2689 600 2742 in
618 2688 714 2742 eodem
734 2688 831 2742 banno.
850 2687 883 2742 Et
901 2688 954 2742 hoc
972 2687 1134 2759 intelligatur
1152 2689 1202 2744 nisi
1215 2689 1261 2744 ille
1272 2691 1452 2761 quirenderet

285 2781 385 2834 dictum
405 2779 515 2832 buscum
533 2777 682 2830 ostenderet
700 2793 728 2828 sc
747 2789 862 2846 portasse
879 2775 913 2830 de
931 2791 980 2830 suo
999 2777 1113 2848 pmpn'o.
1130 2777 1164 2832 Et
1181 2779 1247 2832 Inde
1265 2779 1372 2832 baberet
1389 2777 1453 2848 legi·

285 2867 379 2923 timum
398 2866 536 2920 ilcenciam
555 2865 684 2935 portandi.

324 3005 382 3075 146.
400 3007 468 3061 Item
486 3017 613 3060 statutum
632 3018 671 3060 est
698 3005 770 3076 quod
798 3021 892 3060 omnes
919 3005 1044 3062 hominen
1065 3007 1213 3062 habitantes
1230 3020 1258 3062 et
1275 3019 1395 3064 mette
1412 3023 1453 3062 ca·

286 3096 361 3150 ninas
378 3109 458 3150 terras
476 3107 502 3149 et
520 3095 698 3164 possessiones
726 3107 798 3146 extra
826 3106 913 3164 portos
940 3093 1016 3166 placij
1045 3109 1072 3150 et
1099 3095 1178 3166 plani.
1207 3113 1262 3150 non
1284 3097 1398 3152 debeant
1415 3113 1453 3152 re

285 3195 388 3254 reptare
406 3200 454 3238 nec
473 3199 561 3236 emere
579 3183 607 3235 in
626 3199 720 3236 eorum
739 3182 846 3236 cerinis.
866 3183 940 3236 terris
958 3196 985 3236 et
1003 3184 1212 3254 possessionibus
1221 3184 1329 3256 aliquod
1340 3186 1450 3240 boscum

286 3285 419 3344 portatum
437 3273 493 3326 siue
512 3272 621 3324 ductum
640 3287 686 3341 per
703 3271 819 3342 aliquam
838 3287 958 3342 persona.
985 3273 1019 3326 Et
1037 3273 1082 3344 qui
1101 3271 1282 3327 contrafecerit
1299 3274 1385 3328 soluat
1404 3290 1452 3345 pro

286 3361 403 3432 quolibet
421 3373 448 3414 et
465 3360 582 3431 qualibet
600 3360 658 3412 uice
684 3360 733 3412 sol.
761 3360 793 3412 Χ.
814 3377 855 3430 pp.
874 3361 896 3413 si
926 3359 1005 3415 fuerit
1022 3362 1055 3415 de
1073 3361 1124 3415 die.
1143 3373 1169 3416 et
1187 3362 1209 3415 si
1228 3361 1306 3416 merit
1322 3363 1356 3416 de
1374 3375 1452 3417 nocte

286 3447 334 3502 sol.
353 3447 411 3502 XX.
431 3465 472 3518 pp.
492 3461 546 3500 tam
565 3448 693 3501 uenditor.
714 3461 859 3516 receptator
876 3465 956 3518 quarn
975 3461 1086 3519 emptor.
1106 3449 1138 3502 Et
1166 3449 1287 3504 consules
1314 3463 1453 3504 teneantur

286 3534 420 3605 lnquirere
438 3535 459 3588 si
478 3535 602 3589 sciuerint
620 3535 777 3589 audiueriut
798 3534 839 3588 uel
859 3536 897 3588 eis
915 3537 1100 3590 denuntiatum
1115 3537 1199 3592 fuerit
1213 3551 1239 3591 et
1251 3549 1341 3592 tenere
1353 3539 1453 3592 denun-

285 3623 392 3678 tintores
410 3623 533 3695 priuatos

325 3779 381 3834 ¹⁴7·
400 3764 467 3818 Item
486 3776 613 3818 statutum
631 3765 759 3835 estquod
778 3765 823 3835 qui
842 3763 988 3820 offenderet
1006 3765 1033 3818 in
1052 3765 1143 3836 aisquo
1170 3765 1316 3836 lignamine
1341 3766 1452 3822 alicuius

286 3851 401 3924 hedificij
421 3853 454 3906 dc
473 3852 565 3922 pincio.
586 3852 628 3906 uel
647 3853 680 3906 de
699 3851 786 3922 plano.
806 3853 847 3906 uel
866 3854 911 3924 qui
930 3867 1029 3908 emeret
1047 3854 1154 3925 aliquod
1174 3854 1310 3924 lignamen
1321 3856 1452 3910 comunis.

286 3939 372 3994 soluat
390 3957 438 4012 pro
456 3939 574 4012 quolibet
593 3951 619 3994 et
636 3940 753 4012 qualibet
772 3941 831 3995 uice
848 3941 898 3994 sol.
916 3941 973 3995 LX.
992 3958 1034 4013 pp.
1053 3954 1078 3996 et
1097 3943 1221 3996 ernendet
1239 3943 1395 4016 dampnum,

312 4149 345 4205 (ι)
358 4146 425 4206 capre
439 4149 479 4192 boc
492 4160 564 4204 pestes
578 4149 669 4191 addirnnr
683 4105 767 4192 nunu
781 4149 839 4192 litera
853 4149 926 4192 initiali
940 4161 1001 4192 earet.

313 4221 347 4278 (a)
360 4219 425 4264 verbs
438 4223 540 4276 pertenue
555 4221 630 4262 addim
