3926 5542
1376 561 1424 618 ¹97

253 672 404 726 substineat
425 672 481 726 Fiat
499 673 524 725 ei
542 674 574 727 ad
593 673 718 742 exequias
736 673 824 726 bonor
842 671 947 726 debitus
966 671 999 726 In
1019 671 1101 724 cereis
1120 683 1146 724 et
1167 671 1195 723 in
1214 669 1281 740 alijs,
1293 669 1360 723 sicut
1372 671 1424 722 No

254 761 328 828 tarijs
347 773 373 814 et
392 761 545 814 Aduocatis.
565 761 598 814 Et
617 761 665 830 ipsi
685 761 766 813 etiam
785 760 822 813 sic
842 761 938 830 recepti
957 771 1097 814 teneantur
1115 759 1153 812 ire
1172 769 1198 812 et
1216 773 1381 829 perseuerare
1399 769 1426 809 vt

253 847 294 908 illi
314 849 347 901 de
367 848 491 916 Collegio
511 849 543 901 ad
563 849 688 918 exequias
707 849 814 902 illorum
834 849 867 900 de
886 847 1019 917 Collegio.

294 1003 333 1053 14.
352 987 422 1042 Item
442 987 595 1042 Statuerunt
613 1001 639 1042 et
657 989 856 1042 ordinauerunt
876 987 959 1051 Quod
978 987 1073 1058 aliquis
1092 988 1125 1040 de
1143 987 1268 1056 Collegio
1287 987 1346 1042 siue
1358 1003 1428 1056 para.

254 1075 307 1128 tico
326 1092 381 1128 non
400 1076 493 1129 debeat
511 1074 595 1130 facere
613 1093 662 1130 nec
680 1077 778 1130 seruire
796 1075 911 1130 offitium
930 1076 1039 1130 Notarie
1052 1076 1083 1129 ad
1098 1088 1198 1145 partem
1211 1091 1259 1128 occ
1272 1077 1320 1128 sub
1340 1076 1428 1144 aliqua

255 1164 340 1232 specie
359 1180 406 1234 pro
424 1163 511 1236 aliqua
531 1181 641 1234 persona
660 1182 711 1235 que
730 1181 785 1219 non
804 1165 837 1218 sit
855 1165 888 1218 de
907 1164 957 1217 isto
976 1164 1093 1234 predicto
1106 1163 1230 1233 Collegio
1243 1180 1290 1216 seu
1306 1165 1428 1233 paraticn,

255 1263 281 1304 et
300 1268 351 1322 que
369 1267 423 1304 nou
443 1252 476 1306 sit
495 1253 644 1308 examinata
662 1265 689 1306 et
706 1253 839 1308 sufficiens
857 1253 890 1306 ad
909 1251 975 1305 illud
994 1250 1110 1304 offitium
1129 1251 1313 1306 exercendum.
1327 1251 1360 1304 Et
1378 1251 1425 1322 qui

255 1338 436 1394 contrafecerit
453 1341 539 1394 soluat
558 1357 606 1412 pro
625 1343 714 1394 banno
733 1339 895 1395 Consulibus
913 1339 1078 1412 suprascripti
1098 1339 1213 1410 Collegij
1234 1355 1281 1410 pro
1308 1338 1424 1410 qualibet

255 1427 312 1481 vice
330 1427 378 1482 sol.
397 1427 453 1482 tit
472 1445 514 1498 pp.
527 1429 560 1482 Et
574 1429 607 1482 sit
620 1443 716 1483 extunc
729 1429 775 1500 qui
787 1427 969 1483 contrafecerit
981 1439 1111 1480 extractus
1128 1427 1161 1480 de
1174 1427 1291 1498 predicto
1301 1426 1426 1496 Collegio

256 1516 313 1570 siue
331 1516 454 1588 paratico,
473 1517 508 1570 ita
527 1518 598 1589 quod
617 1517 724 1572 ulterius
743 1533 798 1570 nou
818 1517 972 1572 admittatur
991 1517 1018 1570 in
1039 1517 1156 1586 predicto
1176 1515 1308 1586 Collegio.

296 1691 336 1744 15.
355 1675 425 1731 Item
444 1677 597 1731 Statuerunt
615 1689 641 1731 et
659 1677 857 1732 ordinauerunt.
877 1677 959 1742 Quod
986 1677 1081 1748 aliquis
1109 1677 1233 1732 Notarius
1262 1677 1319 1731 siue
1343 1676 1428 1747 Judex

257 1763 314 1816 siue
333 1765 486 1818 Aduocatus
504 1783 559 1818 non
579 1766 660 1836 possit
679 1781 728 1818 nec
747 1766 841 1818 debeat
860 1765 940 1836 recipi
960 1765 986 1818 in
1007 1766 1124 1833 predicto
1137 1765 1261 1834 Collegio
1279 1765 1336 1818 siue
1355 1782 1428 1836 para·

259 1851 312 1904 tico
330 1852 381 1904 nisi
399 1853 432 1906 sit
451 1853 483 1906 dc
503 1853 611 1922 Bugella
631 1852 673 1906 uel
694 1853 828 1907 habitator
847 1852 959 1924 Bugelle
977 1865 1003 1906 et
1022 1853 1147 1906 Subditus
1169 1853 1348 1906 illustrissimo
1368 1854 1427 1906 Do·

260 1939 335 1992 mino
354 1939 422 1994 Duci
441 1941 577 2011 prelibato,
596 1953 622 1994 et
640 1942 749 1994 comuni
770 1941 878 2010 bugelle
902 1940 1067 1995 sicutCeteri
1086 1941 1210 1995 homines
1229 1943 1255 1994 in
1276 1941 1392 2012 bugella,
1403 1953 1429 1994 et

162 2062 168 2078 .
259 2027 358 2081 ibidem
377 2027 453 2082 iaciat
471 2029 627 2082 continuam
645 2029 815 2082 residentiam
834 2028 1011 2101 personalem,
1026 2046 1107 2082 onera
1126 2029 1189 2082 dicti
1208 2030 1331 2084 comunis
1350 2029 1429 2082 realia

260 2129 285 2167 et
305 2116 450 2186 personalia
469 2117 596 2170 continue
614 2118 795 2170 substinendo

299 2257 337 2312 16.
358 2259 423 2313 Item
442 2257 595 2312 Statuerunt
614 2271 639 2312 et
658 2259 856 2312 ordinauerunt.
876 2259 960 2323 Quod
980 2260 1068 2312 nullus
1082 2261 1199 2314 notarius
1212 2261 1328 2313 seruiens
1341 2259 1430 2314 officio

260 2347 332 2400 curie
350 2347 454 2399 domini
475 2347 609 2416 potestatis
629 2347 738 2416 liugelle
757 2349 851 2400 debeat
869 2359 963 2400 testare
981 2347 1097 2417 aliquam
1118 2348 1272 2418 scripturam
1292 2349 1422 2418 pertinen·

259 2446 313 2487 tem
333 2435 368 2487 od
387 2433 502 2488 oliitium
521 2435 593 2488 curie
612 2435 727 2505 predicte
745 2435 868 2505 scriptam
887 2453 932 2506 per
950 2434 1067 2506 aliquam
1087 2452 1227 2506 personam
1252 2453 1304 2507 que
1322 2451 1378 2488 non
1397 2437 1430 2488 sit

260 2522 292 2575 de
311 2521 434 2590 Collegio
454 2523 570 2592 predicto
589 2540 634 2576 seu
654 2524 687 2576 de
706 2522 805 2576 {nmilia
824 2523 935 2576 alicuius
953 2523 986 2576 de
1005 2523 1131 2594 Collegio
1144 2525 1374 2592 consanguinitate
1386 2522 1430 2576 uel

259 2608 386 2663 affinitate
404 2625 466 2662 curn
484 2607 556 2662 dicto
574 2610 608 2663 de
626 2610 751 2680 Collegio
770 2611 911 2664 coniuncta
932 2611 965 2664 Et
985 2611 1030 2680 qui
1050 2609 1232 2664 contrafecerit
1256 2610 1343 2664 soluat
1362 2612 1429 2663 ban-

261 2713 326 2750 num
346 2713 393 2768 pro
411 2697 527 2768 qualibet
545 2697 672 2768 scriptura
690 2715 742 2768 que
760 2699 903 2768 reperietur
920 2699 957 2752 sic
976 2715 1033 2752 esse
1051 2711 1142 2751 testata
1162 2699 1209 2751 sol.
1231 2699 1254 2750 V
1273 2715 1314 2768 pp.
1325 2711 1351 2752 et
1366 2698 1430 2751 vltra

260 2785 313 2838 hoc
332 2797 451 2838 teneatur
469 2785 583 2856 predicta
603 2787 743 2840 obseruare
761 2803 811 2840 suo
830 2799 1002 2841 sacramento.

301 2943 863 3013 17.Iremsetuerunteroruinauemna
891 2947 974 3010 Quod
1002 2946 1076 3000 nulla
1103 2963 1213 3017 persona
1241 2947 1431 3017 cuiuscumque

262 3033 423 3086 conditionis
441 3035 534 3088 existat
552 3035 647 3088 audeat
666 3051 714 3088 nec
733 3047 866 3105 presumat
885 3037 918 3090 de
936 3035 1007 3088 dicto
1026 3035 1112 3088 offitio
1131 3035 1232 3088 notarie
1251 3035 1332 3088 Curie
1351 3049 1428 3106 pote-

262 3122 335 3174 statis
354 3121 463 3190 Bugelle
481 3139 509 3176 se
528 3123 703 3176 intromittere
722 3139 770 3176 uec
789 3124 887 3176 seruire
905 3123 932 3175 in
952 3122 1074 3176 ciuilibus
1087 3139 1136 3176 nec
1149 3123 1176 3175 in
1187 3123 1367 3174 criminalibus
1381 3141 1428 3176 nec

263 3210 363 3262 dictum
383 3209 535 3278 Collegium
554 3211 652 3264 intrare
671 3211 720 3264 nisi
739 3211 772 3264 sit
791 3211 956 3264 examinatus
974 3213 1132 3280 approbatus
1150 3223 1176 3263 et
1194 3211 1343 3276 obbligatus
1359 3213 1431 3280 juxta

264 3296 377 3350 fornum
396 3311 422 3352 et
440 3299 552 3352 modum
572 3298 681 3352 iuferius
699 3300 845 3353 denotatos.
866 3299 949 3352 Cuius
968 3298 1053 3352 iomte
1071 3299 1196 3369 sequitur,
1208 3311 1236 3350 ut
1249 3299 1315 3350 inira
1328 3299 1430 3352 Tenor.

300 3386 392 3440 Primo
409 3387 482 3457 quod
502 3385 594 3440 voleus
612 3387 714 3441 dicturo
733 3387 887 3456 Collegium
905 3387 1002 3440 intrare
1029 3387 1063 3440 sit
1089 3399 1115 3440 et
1144 3403 1200 3438 esse
1227 3387 1321 3439 debeat
1339 3387 1431 3440 saltem

264 3475 339 3528 etatis
357 3475 500 3528 Annorum
519 3475 614 3544 viginti
634 3475 766 3530 habitator
783 3488 851 3529 terre
870 3475 987 3544 Bugelle,
1000 3487 1026 3528 et
1045 3475 1143 3530 ibidem
1163 3473 1245 3526 larem
1260 3473 1353 3528 fouens
1371 3491 1433 3528 one·

265 3579 345 3631 raque
363 3563 512 3616 substinens
531 3563 609 3616 realia
628 3577 654 3616 et
669 3563 823 3634 personalia,
836 3581 897 3618 cum
911 3563 979 3616 dicta
993 3562 1156 3616 comunitate
1171 3560 1279 3628 bugelle
1290 3561 1435 3615 Teneatur·

264 3667 317 3719 que
335 3668 350 3704 a
369 3650 532 3704 Consulibus
550 3651 612 3704 dicti
632 3651 746 3720 Collegij
767 3669 878 3704 examen
903 3653 1041 3722 requirere.

299 3739 366 3792 Item
385 3739 429 3793 die
447 3756 492 3810 per
511 3740 581 3809 ipsos
600 3739 731 3792 Consules
750 3741 798 3792 sibi
818 3741 955 3793 statuenda
974 3757 1064 3793 coram
1083 3741 1145 3810 ipsis
1176 3741 1338 3794 Consulibus
1357 3756 1434 3808 super

266 3825 367 3895 palacio
386 3827 509 3880 comunis
529 3827 639 3894 Bugelle
657 3845 685 3880 se
704 3841 852 3897 presentare
871 3827 1031 3898 Recepturus
1059 3841 1084 3881 ct
1112 3829 1248 3881 auditurus
1270 3845 1381 3880 examen
1401 3829 1434 3880 de

266 3913 323 3982 ipso
342 3913 492 3968 laciendum
511 3932 557 3984 per
575 3929 636 3967 octo
655 3917 816 3986 antiquiores
835 3933 866 3968 ex
885 3917 995 3968 notariis
1013 3915 1075 3968 dicti
1095 3915 1209 3984 Colle-gij
1226 3916 1370 3982 eligendos.
1381 3915 1432 3970 Cui

266 4001 456 4056 examinationi
476 4003 601 4055 interesse
630 4004 730 4072 possint
758 4020 834 4056 causa
863 4005 990 4065 doctrine,
1020 4003 1094 4056 Vnus
1123 4003 1209 4073 plures
1228 4003 1270 4056 uel
1289 4019 1384 4056 omnes
1402 4021 1434 4056 ex

267 4090 383 4160 Notarijs
402 4090 464 4144 dicti
484 4089 597 4158 Colle-gij
618 4103 643 4142 et
663 4091 780 4158 ipsorum
800 4091 970 4142 Notariorum
991 4090 1051 4158 liliis
1070 4109 1137 4160 quos
1157 4091 1204 4160 ipsi
1218 4091 1349 4144 Consules
1363 4103 1388 4144 et
1402 4092 1434 4144 ad

267 4175 354 4246 ipsum
373 4195 483 4230 examen
503 4178 579 4232 electi
598 4195 687 4230 secum
707 4193 801 4230 vocare
819 4178 950 4231 voluerint
969 4191 995 4232 et
1014 4197 1068 4232 non
1097 4181 1150 4248 alii.
1182 4179 1210 4232 ln
1239 4197 1293 4249 quo
1326 4181 1434 4250 quidem

268 4267 390 4318 examine
409 4267 600 4320 exantinandus
619 4283 673 4318 aron
694 4267 775 4336 possit
795 4267 948 4332 interrogari
969 4283 1017 4319 nec
1036 4268 1180 4320 examinari
1201 4268 1250 4320 nisi
1280 4285 1324 4338 per
1352 4269 1435 4321 dictos

268 4367 330 4406 octo
349 4365 378 4406 ut
397 4354 556 4422 prerttittitur
574 4353 720 4422 eligendos.
