3918 5554
1385 541 1435 614 2⁸5

277 697 292 734 2
293 698 318 751 3.
339 678 413 748 Quod
430 679 453 732 si
470 677 526 750 qais
539 675 664 730 inuenerit
675 671 777 745 aliquod
785 673 947 745 pertinentem
956 669 990 726 ad
1001 669 1136 724 sartoriam
1148 669 1275 740 consignet
1287 667 1437 723 consulibus.

276 784 318 835 24.
338 767 412 836 Quod
430 767 514 820 banna
533 763 676 818 iudicentur
689 771 735 835 per
752 759 870 816 consules.

276 871 318 923 25.
338 855 376 908 De
393 855 720 922 obseruantia-statutorum
738 856 809 904 extra
828 854 921 904 terram
939 845 1048 916 lluqelle.

276 943 318 997 26.
337 943 377 997 De
394 943 493 996 iniuria
512 939 651 996 neuton.

277 1047 318 1101 27.
338 1031 377 1083 De
393 1029 475 1084 condo
494 1029 578 1084 labore
594 1027 674 1083 alicui
684 1027 792 1099 sorensi

277 1117 319 1171 28.
337 1118 376 1171 De
394 1116 488 1172 iudicio
506 1117 656 1171 bannorum.

278 1221 319 1278 ²9·
339 1205 413 1274 Quod
431 1204 518 1260 nullus
534 1211 619 1260 sartor
636 1202 719 1257 debeat
737 1204 841 1276 recipere
857 1202 974 1272 denarios
990 1201 1020 1256 de
1036 1199 1181 1257 vendicione
1194 1207 1349 1272 pannorum.

275 1309 319 1363 3ο.
339 1293 413 1361 Quod
430 1293 453 1346 si
471 1309 538 1347 unus
555 1297 649 1348 accuset
666 1290 774 1345 alterum
791 1289 873 1345 debeat
886 1294 987 1362 jurare.

276 1397 316 1451 3ι.
336 1380 409 1449 Quod
426 1381 529 1452 quilibet
546 1380 628 1436 debeat
642 1387 746 1454 portare
763 1395 858 1436 cereum
876 1395 923 1434 sua
943 1394 1030 1433 manu.

277 1484 320 1538 32.
340 1469 378 1522 De
396 1468 534 1539 descissione
553 1469 639 1522 baum.

277 1573 293 1626 3
295 1573 320 1625 3.
340 1556 379 1610 De
395 1557 515 1610 veniendo
532 1556 566 1610 ad
583 1557 684 1611 mnium
702 1558 808 1636 sartoris
824 1557 928 1611 mortui.

277 1660 321 1714 34.
341 1643 416 1712 Quod
433 1645 536 1716 quilibet
553 1647 673 1714 nsaqister
691 1651 769 1700 teneat
786 1661 889 1702 merem

276 1748 292 1801 3
294 1746 320 1799 3.
340 1731 415 1800 Quod
433 1731 519 1786 nullus
536 1733 640 1786 sorleuel
657 1733 781 1788 dexentm
798 1733 831 1788 ab
848 1733 899 1788 alio
917 1731 1048 1803 magistra.

276 1819 320 1889 38.
339 1818 414 1887 Quod
432 1819 518 1873 nullus
531 1827 599 1891 petat
613 1831 717 1892 persone
734 1827 824 1875 uestem
840 1820 874 1874 ad
885 1819 1041 1892 jaciendum.

278 1922 320 1977 37.
340 1906 415 1974 Quod
432 1909 455 1960 si
472 1908 529 1978 quis
545 1907 676 1962 descenms
704 1909 813 1962 noluerit
840 1908 945 1964 recedere
962 1925 978 1961 a
996 1907 1118 1978 magistro
1135 1905 1217 1961 debeat
1235 1907 1258 1960 ei
1274 1906 1354 1962 dicere
1367 1907 1442 1978 prius

338 2003 384 2067 per
403 1994 458 2047 XV.
476 1993 528 2049 dies
545 2002 609 2049 ante.

277 2080 320 2152 38.
340 2081 415 2150 Quod
431 2081 533 2158 quilibet
550 2087 635 2137 sartor
652 2090 763 2138 teneatur
779 2082 840 2138 dore
857 2083 965 2138 abaco
982 2082 1099 2139 ducenta.

278 2185 322 2239 39.
342 2169 417 2238 Quod
434 2170 544 2224 consules
560 2169 661 2224 ulans
673 2171 758 2242 facere
774 2169 905 2226 accordare
927 2170 1019 2226 mnne.

278 2272 322 2325 4ο.
342 2257 381 2310 De
399 2260 510 2330 expensis
527 2274 602 2313 causa
620 2258 771 2313 meliorandi
788 2265 890 2312 statuto.

277 2361 317 2413 42.
337 2345 412 2414 Quod
429 2345 516 2400 nullus
534 2347 653 2418 magister
670 2345 753 2401 tetus
769 2345 830 2401 dare
846 2345 954 2402 ducenta
971 2347 1024 2402 nisi
1040 2346 1139 2401 natan
1158 2347 1311 2403 Cuniuram.

278 2448 321 2502 42.
343 2433 386 2487 Ἧι
404 2435 543 2488 iuramento
560 2435 627 2488 electi
644 2435 760 2489 consulis.

278 2536 322 2591 43.
341 2521 380 2575 De
397 2521 533 2576 redditione
550 2523 681 2577 consulum
698 2529 808 2577 ueterum
826 2523 970 2578 consulibus
987 2525 1069 2577 nouis.

278 2625 322 2677 44.
342 2608 417 2677 Quod
433 2609 537 2680 quilibet
553 2607 635 2663 debesa
653 2609 747 2664 soluere
763 2609 907 2666 consulibus
920 2621 970 2684 pro
989 2609 1137 2682 temporibus
1149 2615 1228 2664 totum
1244 2611 1408 2666 cosssorcium.

278 2712 322 2765 45.
341 2695 416 2765 Quod
433 2697 536 2768 quilibet
554 2704 637 2752 sartor
654 2697 784 2753 denunciel
800 2705 908 2754 sartores
925 2700 971 2771 qui
989 2715 1040 2753 non
1057 2705 1132 2753 erunt
1149 2698 1178 2753 de
1189 2697 1300 2770 collegio.

278 2784 322 2852 46.
342 2783 417 2852 Quod
434 2783 520 2839 nullus
537 2783 620 2839 debeat
630 2785 715 2857 facere
728 2793 830 2858 pactum
847 2803 904 2842 cum
921 2787 1007 2858 aliquo
1025 2786 1077 2842 nisi
1095 2787 1123 2840 iss
1137 2787 1264 2858 presencia
1276 2785 1417 2844 conmluns.

278 2887 323 2941 47.
343 2872 382 2925 De
399 2871 536 2927 addiscentc
553 2873 661 2944 officium
678 2875 792 2928 sartorie.

279 2958 322 3027 48.
341 2958 381 3013 De
398 2959 565 3014 recontendato
583 2961 615 3014 ab
632 2960 718 3032 aliquo
735 2960 864 3034 drapario.

277 3062 321 3119 49.
340 3047 380 3101 De
396 3058 466 3119 opere
482 3048 547 3102 artis
564 3049 670 3102 sartorie
687 3057 817 3104 recussato.

278 3151 322 3204 3ο.
342 3135 417 3204 Quod
433 3137 542 3190 seruitor
560 3142 671 3190 teneatur
687 3153 803 3192 accusare
821 3138 960 3194 laborantes
978 3139 1007 3194 in
1024 3137 1110 3193 dubus
1121 3137 1203 3210 sestis.

278 3238 319 3291 32.
337 3222 377 3276 De
394 3223 492 3277 consule
509 3229 581 3278 eunte
598 3223 631 3276 od
648 3224 807 3280 credentiam.

278 3326 322 3380 32.
343 3310 402 3366 Non
414 3311 464 3381 fios
481 3313 570 3384 gracia
588 3312 617 3364 de
635 3311 726 3368 banms
744 3321 859 3386 requeste.

278 3413 295 3468 5
301 3415 322 3466 3.
341 3397 416 3466 Quod
433 3399 564 3472 collegium
581 3399 679 3456 celebret
690 3401 786 3472 jestum
805 3401 892 3458 Sancti
909 3401 1015 3458 Alberti.

279 3501 323 3554 34.
343 3485 418 3555 Quod
435 3485 475 3540 die
485 3487 548 3558 sesti
565 3490 646 3544 sancti
664 3489 774 3545 Albertis
791 3489 894 3562 quilibet
910 3497 949 3546 sat
966 3489 999 3544 ad
1016 3490 1126 3546 musam.

279 3587 323 3640 33.
342 3572 381 3626 De
397 3575 509 3646 expressis
527 3575 555 3628 in
573 3573 613 3628 die
630 3578 711 3632 sancti
729 3577 834 3632 Alberti.

280 3661 324 3727 5b.
342 3660 382 3714 De
399 3677 467 3716 cereo
484 3660 518 3715 ad
522 3662 676 3740 jaciendum
694 3681 780 3720 cereos.

279 3761 324 3818 57.
343 3747 418 3816 Quot
435 3751 589 3806 cosssorcium
602 3757 715 3824 ponatur
733 3753 839 3808 insimul
855 3770 912 3808 cum
929 3769 1004 3808 cereo.

280 3835 324 3904 38.
343 3836 382 3890 De
399 3838 558 3892 anniversale
574 3845 632 3894 ante
648 3847 762 3896 sanctum
780 3841 919 3896 Albesium

280 3937 324 3996 59.
343 3924 383 3978 De
393 3924 510 3996 faciendo
528 3943 623 3982 cereum
640 3927 674 3981 ad
692 3930 856 3984 natiuitalem.

280 4011 325 4068 to.
344 4011 419 4080 Quod
435 4013 567 4086 collegium
584 4014 666 4071 utus
684 4033 774 4088 rogare
787 4027 837 4089 pro
855 4019 966 4074 intrante
983 4017 1012 4072 in
1029 4015 1132 4088 collegio
1150 4017 1202 4072 nisi
1218 4024 1308 4090 peteret
1332 4019 1447 4090 graciam

349 4109 399 4173 pro
416 4100 510 4172 aliqua.

281 4203 357 4260 2337.
377 4187 412 4242 28
429 4187 569 4245 lambris.
588 4190 628 4244 De
645 4207 696 4247 non
714 4191 851 4248 laborando
868 4193 908 4248 die
924 4192 1023 4248 sabboti
1029 4199 1085 4266 post
1102 4201 1214 4266 vesperos
1228 4193 1347 4266 pulsatos.

281 4277 321 4331 62.
340 4275 379 4331 De
396 4293 462 4332 cereo
476 4277 610 4350 portando.

282 4364 369 4435 ¹585?
395 4365 504 4421 Nomina
522 4371 649 4422 sartorum
657 4369 811 4440 presentium
821 4369 987 4443 suprascripte
1005 4369 1187 4440 reformationi.
