3926 5542
530 533 580 589 r5o

523 640 649 694 nimonia
661 639 863 694 destituerentur
875 657 905 694 ae
917 655 965 710 pro
977 641 1048 696 bona
1060 653 1086 694 et
1098 641 1215 696 euidenti
1227 641 1338 697 vtilirate
1349 651 1377 694 er
1387 639 1683 696 conseruationem

523 739 550 780 et
562 727 784 797 patrimoniorum
795 727 939 781 hominum
952 728 1033 798 ipsius
1046 728 1097 782 loci
1110 729 1220 800 Bugelle
1232 729 1315 792 Quod
1333 727 1407 782 nulla
1420 727 1520 782 femina
1532 727 1574 782 vel
1590 726 1687 782 mulier

523 815 639 868 cuiusuis
649 825 731 868 status
740 827 767 868 et
778 814 944 869 condicionis
955 815 1049 869 existat
1060 816 1094 869 de
1106 815 1164 886 ipso
1182 815 1242 870 loco
1255 815 1336 886 Bugel
1341 816 1365 869 le
1383 814 1423 867 vel
1443 815 1480 868 ibi
1499 815 1621 868 babitans
1632 832 1687 886 que

523 901 587 956 alias
599 903 627 955 in
640 903 792 972 preterlmm
804 901 846 956 vel
858 903 886 954 in
899 901 1018 956 lutumm
1030 901 1108 956 fuerit
1118 901 1159 956 vel
1169 903 1191 956 si
1203 904 1292 957 dotata
1302 903 1343 956 vel
1353 917 1405 974 que
1414 901 1547 956 dotabitur
1556 903 1590 956 de
1598 913 1686 956 ostem

523 991 556 1044 ab
569 991 630 1046 Auo
640 991 709 1044 Auia
721 1001 794 1060 patre
805 1003 889 1044 matre
900 989 942 1044 vei
955 989 1075 1044 iratribus
1087 1002 1133 1044 aut
1145 991 1295 1060 parentibus
1312 989 1436 1044 masculis
1448 1001 1504 1044 tam
1513 989 1687 1044 uismndbus

523 1095 556 1130 ex
568 1091 640 1148 parte
657 1079 701 1132 aui
713 1079 784 1132 huie
796 1079 876 1148 patris
888 1078 979 1132 matris
991 1078 1032 1130 vel
1045 1077 1154 1130 fratrum
1167 1089 1194 1130 et
1204 1079 1262 1132 siue
1277 1078 1332 1148 ipsa
1350 1077 1447 1132 mulier
1458 1077 1500 1130 vel
1511 1076 1611 1131 semina
1629 1093 1686 1130 non

523 1165 612 1218 lecerit
629 1183 721 1236 pacem
739 1165 821 1220 finem
839 1177 865 1220 et
877 1165 1056 1236 quitacionem
1068 1165 1125 1220 siue
1138 1164 1227 1219 lecerit
1239 1165 1320 1219 etiam
1332 1165 1512 1236 juramentum
1525 1181 1540 1218 a
1552 1181 1607 1235 quo
1618 1165 1688 1235 jura·

523 1263 615 1306 mento
625 1251 692 1306 foret
700 1251 822 1306 obsoluta
831 1253 1047 1324 qualiterconque
1056 1253 1090 1306 sit
1100 1266 1130 1324 et
1136 1253 1193 1306 siue
1206 1252 1265 1306 talis
1274 1253 1322 1306 dos
1331 1251 1409 1306 luerit
1419 1253 1547 1322 promissa
1560 1263 1587 1305 et
1598 1251 1686 1305 solunt

522 1341 579 1394 siue
589 1341 717 1410 pmmissa
727 1351 831 1394 tantum
840 1342 916 1394 omni
926 1357 1035 1394 casuum
1045 1341 1280 1411 suprascriptontm
1294 1342 1330 1408 [et
1338 1339 1491 1394 indistincte
1500 1339 1551 1408 (r)]
1564 1339 1630 1394 vltra
1641 1351 1685 1394 ta-

525 1427 579 1481 lem
591 1429 682 1482 dotem
691 1444 801 1498 quoquo
810 1428 893 1481 modo
902 1440 990 1498 petere
999 1429 1103 1499 exigere
1112 1445 1162 1482 nec
1171 1428 1297 1499 consequi
1306 1426 1388 1498 possit
1394 1427 1431 1481 sic
1440 1443 1527 1498 neque
1539 1427 1620 1480 edam
1629 1442 1687 1496 poe

523 1515 576 1569 sint
585 1515 641 1568 eius
651 1515 751 1568 lemine
759 1515 846 1568 taliter
857 1516 946 1570 tonte
955 1513 1002 1586 filij
1015 1515 1069 1569 filie
1078 1533 1110 1569 ve
1119 1516 1160 1570 vei
1171 1515 1228 1569 eius
1235 1514 1345 1568 heredes
1355 1525 1445 1584 potere
1456 1515 1563 1584 exigere
1574 1514 1616 1567 vel
1625 1529 1687 1568 con·

523 1602 597 1672 sequi
609 1602 637 1654 in
649 1601 748 1672 judicio
760 1601 802 1654 vel
814 1613 886 1655 extra
899 1600 998 1673 aliquid
1010 1601 1082 1656 aliud
1095 1604 1124 1656 in
1136 1601 1214 1656 bonis
1226 1613 1272 1656 aut
1284 1601 1472 1654 hereditatibus
1481 1601 1560 1654 auitis
1569 1600 1684 1670 paternis

523 1687 565 1742 vel
583 1689 709 1742 maternis
726 1704 776 1742 nec
793 1689 827 1742 ad
845 1689 915 1742 bona
933 1689 1004 1742 auita
1022 1701 1129 1759 paterna
1147 1688 1189 1742 vel
1207 1701 1326 1742 materna
1344 1687 1410 1742 vltra
1427 1687 1509 1742 talem
1527 1688 1618 1742 dotem
1631 1687 1687 1758 ipsa

523 1773 623 1830 femina
640 1777 733 1830 vinens
751 1777 808 1830 siue
826 1788 885 1846 post
903 1788 1018 1830 mortem
1036 1777 1094 1830 eius
1111 1775 1157 1845 filij
1178 1775 1265 1830 filieve
1282 1775 1325 1830 vel
1336 1775 1446 1829 heredes
1457 1793 1491 1828 ex
1504 1791 1616 1845 persona
1627 1775 1687 1828 talis

525 1861 624 1916 lemine
642 1863 698 1918 siue
716 1881 749 1917 ex
766 1880 860 1918 eorum
879 1876 934 1917 met
952 1863 1070 1934 personis
1089 1865 1190 1934 possint
1207 1863 1411 1934 quomodolibet
1437 1863 1534 1916 babere
1552 1879 1686 1916 recursum

523 1950 564 2002 vel
582 1969 730 2022 regressum
748 1952 879 2023 quinymo
898 1953 952 2021 ipsa
965 1951 1065 2006 femina
1082 1951 1168 2006 taliter
1180 1952 1270 2005 dotata
1282 1951 1377 2005 eiusve
1390 1950 1436 2020 filij
1450 1949 1505 2004 filie
1521 1950 1564 2004 vel
1576 1950 1686 2004 heredes

523 2038 557 2091 sit
574 2040 652 2092 tacita
670 2051 696 2092 et
714 2051 839 2092 contenta
857 2039 929 2092 taciti
947 2051 974 2092 et
991 2039 1110 2092 contenti
1128 2039 1181 2092 sint
1199 2055 1232 2091 ex
1254 2037 1300 2091 tali
1319 2039 1382 2092 dote
1400 2055 1429 2092 ac
1442 2036 1513 2091 raeid
1525 2050 1552 2091 et
1566 2038 1685 2091 contenti

523 2139 579 2177 ease
597 2126 710 2178 debeant
727 2127 760 2179 de
778 2138 804 2179 et
822 2141 870 2195 pro
888 2126 964 2178 omni
982 2142 1016 2180 eo
1033 2127 1106 2196 quod
1124 2126 1154 2178 in
1171 2125 1248 2179 dictis
1266 2125 1344 2180 bonis
1370 2139 1397 2178 et
1423 2125 1612 2178 hereditatibus
1629 2135 1686 2178 tam

523 2213 667 2265 occasione
684 2212 823 2266 cuiuslibet
841 2213 960 2283 legitime
977 2229 1059 2282 quam
1076 2213 1182 2266 alterius
1200 2212 1333 2283 porcionis
1350 2213 1399 2283 ipsi
1428 2212 1532 2282 mulieri
1552 2213 1609 2265 siue
1627 2223 1687 2282 post

523 2300 580 2354 eius
598 2313 713 2354 mortem
731 2302 788 2354 eius
806 2299 868 2369 filijs
886 2300 989 2353 filiabus
1007 2300 1179 2354 heredibusve
1197 2302 1230 2354 de
1257 2303 1315 2372 jure
1341 2301 1450 2354 comuni
1477 2299 1687 2370 competere'vel

523 2401 638 2458 spectare
656 2400 743 2458 posset
761 2388 794 2440 ab
812 2388 935 2440 intestato
953 2387 995 2440 vel
1013 2405 1046 2440 ex
1064 2404 1141 2441 causa
1159 2387 1316 2442 succedendi
1343 2389 1376 2442 ab
1402 2389 1526 2442 intestato
1551 2401 1578 2440 et
1595 2387 1687 2458 vigore

523 2475 650 2545 presentis
667 2476 756 2530 statuti
774 2475 833 2529 talis
852 2473 951 2529 femina
969 2476 1055 2530 taliter
1073 2477 1163 2530 dotata
1181 2477 1239 2530 siue
1251 2488 1311 2546 post
1328 2487 1443 2530 mortem
1461 2477 1519 2528 eius
1536 2473 1583 2544 filij
1601 2474 1688 2529 filieve

523 2562 565 2615 vel
583 2563 692 2616 heredes
710 2563 743 2616 ab
761 2563 837 2618 omni
856 2580 889 2616 eo
907 2565 979 2633 quod
997 2575 1086 2633 petere
1104 2575 1210 2634 possent
1228 2564 1269 2616 vel
1294 2564 1399 2634 exigere
1417 2563 1450 2616 ab
1478 2563 1603 2616 intestato
1622 2562 1688 2616 vltra

523 2651 604 2705 talem
622 2652 714 2705 dotem
731 2652 760 2704 in
779 2651 874 2704 talibus
893 2653 970 2704 bonis
987 2663 1014 2704 et
1032 2651 1220 2705 hereditatibus
1238 2651 1327 2704 media
1344 2651 1390 2704 tali
1409 2651 1471 2704 dote
1485 2663 1621 2721 tamquam
1640 2665 1688 2720 pro

523 2755 571 2792 sua
588 2739 708 2810 legitima
725 2739 759 2792 sit
776 2751 803 2792 et
820 2741 873 2792 sint
891 2740 995 2808 penitus
1013 2740 1117 2794 exclusa
1135 2751 1162 2792 et
1179 2739 1278 2792 exclusi
1298 2737 1359 2808 lilijs
1378 2751 1467 2792 tamen
1487 2737 1609 2792 masculis
1627 2738 1687 2791 exi-

523 2828 653 2882 stantibus
670 2841 699 2882 vt
716 2844 776 2881 sura
794 2828 826 2880 Et
844 2827 896 2880 hoc
914 2840 1042 2881 statutum
1061 2845 1139 2881 sunm
1159 2825 1249 2880 locum
1276 2827 1396 2881 vendicet
1424 2838 1480 2880 tam
1512 2825 1540 2878 in
1559 2826 1688 2897 preteritis

524 2915 626 2968 casibus
643 2915 689 2987 qui
708 2927 797 2968 tamen
816 2917 957 2968 concordia
974 2916 1016 2968 vel
1034 2917 1211 2969 transactione
1230 2932 1286 2968 non
1305 2916 1392 2968 adhuc
1412 2926 1475 2968 sunt
1500 2915 1580 2984 sopiti
1606 2931 1688 2986 quam

524 3003 605 3056 etiam
623 3003 652 3054 in
670 3001 764 3056 futuris
782 3003 815 3055 Et
833 3003 860 3055 id
878 3004 965 3071 ipsum
984 3020 1089 3073 presens
1108 3015 1235 3060 statutum
1253 3003 1282 3056 in
1300 3015 1327 3056 et
1345 3019 1392 3072 pro
1412 3002 1462 3055 hac
1480 3001 1589 3055 materia
1601 3017 1689 3072 supra-

525 3090 620 3159 scripta
638 3090 723 3142 vicem
742 3089 808 3160 legis
826 3101 852 3142 et
870 3092 950 3142 robur
968 3103 1123 3160 perpetuum
1142 3090 1238 3144 habeat
1255 3102 1282 3142 et
1300 3091 1418 3143 obtineat
1436 3089 1475 3142 lta
1495 3099 1585 3141 tamen
1615 3088 1687 3158 quod

523 3177 624 3248 juribus
642 3177 706 3230 alias
724 3179 934 3247 competentibus
952 3178 1047 3230 talibus
1066 3177 1172 3231 feminis
1190 3178 1286 3230 dotatis
1304 3177 1394 3230 eiusve
1412 3175 1474 3246 filijs
1484 3175 1587 3229 filiabus
1600 3187 1626 3228 et
1644 3175 1689 3228 he·

526 3265 631 3318 redibus
658 3283 691 3318 ex
717 3281 795 3318 musa
821 3266 907 3319 testati
935 3265 975 3318 vel
1004 3265 1115 3318 alicuius
1141 3266 1292 3318 testamenti
1320 3283 1366 3335 per
1384 3265 1435 3319 hoc
1453 3265 1541 3334 ipsum
1560 3275 1688 3318 statutum

522 3353 628 3406 nullum
647 3354 822 3423 preiudicium
840 3353 885 3406 fiat
904 3353 947 3406 uel
966 3352 1169 3423 quomodolibet
1187 3365 1310 3424 gravetur
1327 3369 1393 3424 ymo
1411 3351 1456 3405 illa
1474 3353 1532 3422 jura
1559 3368 1591 3405 ex
1609 3367 1688 3406 causa

522 3442 611 3494 testati
629 3441 702 3495 salua
720 3441 758 3494 eis
776 3441 829 3494 sint
846 3453 873 3494 et
891 3453 1054 3494 remaneant

558 3580 617 3642 Qui
626 3581 735 3651 quidem
747 3581 851 3634 domini
864 3580 1002 3634 Clanarius
1014 3579 1145 3634 Consules
1157 3593 1183 3634 et
1194 3581 1275 3634 ricini
1287 3597 1317 3636 ac
1330 3581 1500 3652 Credendarij
1516 3581 1606 3634 audita
1617 3579 1686 3634 dieta

523 3668 703 3738 propositione
711 3681 738 3722 et
747 3668 824 3737 plene
833 3668 1050 3722 conscideratisin
1061 3685 1092 3722 er
1101 3669 1232 3723 contentis
1237 3669 1440 3740 Responderunt
1447 3669 1485 3722 eis
1492 3669 1574 3722 videri
1583 3667 1687 3723 salubre

522 3757 594 3827 quod
612 3757 713 3810 dictum
731 3769 859 3810 statutum
877 3755 1032 3810 conficiatur
1049 3769 1075 3810 et
1086 3773 1164 3827 super
1175 3757 1228 3828 hijs
1240 3757 1330 3811 habita
1342 3757 1531 3812 deliberatione
1542 3767 1646 3810 matuta
1660 3767 1687 3809 et

522 3843 654 3897 scrutineo
667 3857 761 3898 mutuo
774 3861 804 3897 ac
816 3843 898 3898 semel
911 3856 937 3897 et
949 3844 1046 3914 pluries
1055 3861 1133 3915 super
1145 3845 1216 3898 dicto
1229 3857 1326 3898 statuto
1340 3857 1366 3898 et
1378 3845 1434 3897 eius
1444 3843 1612 3897 coniectione
1624 3841 1687 3898 deli·

522 3931 613 3984 berato
626 3931 748 3986 consulto
761 3933 894 4002 disputato
907 3932 1071 4004 utilitateque
1082 3945 1109 3986 et
1121 3934 1236 3986 comodo
1249 3931 1402 4003 reypublico
1416 3931 1479 3985 dicti
1493 3930 1543 3985 loci
1563 3931 1686 4001 pensatis.

522 4016 626 4072 Omnes
643 4021 782 4073 vuanimes
793 4033 819 4073 et
831 4021 975 4074 concordes
986 4033 1013 4074 et
1028 4021 1146 4091 ipsorum
1159 4021 1267 4074 nemine
1285 4020 1447 4089 discrepante
1459 4029 1586 4073 statutum
1598 4017 1687 4088 ipsum

522 4105 592 4159 cristi
605 4117 632 4158 et
644 4107 719 4160 beate
731 4108 814 4162 marie
824 4108 934 4178 virginis
944 4109 1082 4178 tociusque
1091 4108 1193 4162 celestis
1202 4109 1274 4162 curie
1283 4107 1438 4161 nominibus
1447 4106 1578 4160 innotatis
1587 4107 1620 4160 ad
1630 4105 1685 4160 ho-

521 4208 616 4246 norem
626 4205 652 4247 et
661 4207 759 4249 statum
769 4195 941 4250 illustrissimi
951 4195 1075 4265 principis
1083 4208 1110 4248 et
1120 4195 1224 4249 domini
1233 4195 1337 4248 domini
1346 4195 1430 4248 nostri
1441 4195 1545 4249 domini
1554 4192 1685 4248 Ludouici

546 4332 576 4387 (t)
591 4332 614 4373 ln
628 4335 698 4375 codice
712 4335 786 4374 desunt
799 4334 873 4376 rerba:
888 4342 905 4376 ct
919 4334 1035 4375 ιἰιάὶιιίιιαιι
1050 4345 1071 4376 et
1084 4335 1143 4376 locus
1156 4344 1229 4376 vacat:
1243 4336 1314 4376 eadem
1328 4345 1396 4376 umen
1409 4334 1451 4376 alio
1465 4335 1487 4375 iu
1500 4333 1593 4388 amplo
1607 4341 1683 4374 extem.
