3958 5540
546 485 580 540 88

544 607 620 678 (332)
639 607 710 662 IIII.
729 607 803 671 Quid
822 607 906 660 iurare
924 620 950 661 et
969 607 1052 661 Iacere
1071 607 1199 661 sornatius
1217 619 1344 662 tenentem
1367 608 1392 660 V
1406 623 1465 678 223.
1487 623 1545 678 33ο.

543 693 619 764 (333)
638 695 670 746 V.
690 694 823 748 Tenentes
842 696 932 764 ignem
950 696 979 748 in
998 695 1081 748 furnis
1099 709 1219 765 tempore
1237 709 1349 749 uentoso
1367 697 1401 749 de
1413 697 1493 765 plano
1506 697 1548 751 uel
1562 711 1618 768 post
1629 709 1698 746 22222-

684 799 781 851 panam
799 793 825 834 et
843 799 938 852 panem
957 795 1107 852 coquentes.
1131 783 1157 834 V.
1180 784 1237 847 284.
1260 797 1317 850 330.

542 869 618 938 (334)
638 869 669 922 122
687 869 827 921 2201221122
845 887 911 922 unm
929 871 996 922 solus
1013 872 1117 940 accipiat
1136 871 1274 922 2221122222
1292 877 1313 921 el
1328 871 1406 940 912121
1413 887 1493 924 urana
1517 872 1542 924 V.
1564 882 1620 937 329.

544 1024 617 1078 ΧΧΙ.
637 1025 800 1078 RUBRICA
819 1026 867 1078 DE
886 1025 1048 1078 ALPIBUS.

541 1111 894 1181 (335.336.337.338.339.
907 1128 964 1180 340.
978 1113 1038 1181 342)
1066 1113 1089 1166 Ι.
1118 1113 1228 1164 Diuerse
1259 1129 1326 1181 pene
1344 1112 1489 1166 occaxione
1510 1109 1611 1179 alpium
1629 1121 1655 1161 et
1672 1109 1699 1162 in

680 1201 742 1268 ipsis
761 1201 951 1270 paschantium.
970 1200 1090 1252 ordinate
1109 1199 1131 1252 I.
1151 1200 1190 1252 11.
1209 1199 1264 1254 111.
1284 1199 1355 1254 1111.
1375 1199 1419 1252 V⁰.
1444 1199 1475 1254 V.
1492 1212 1519 1263 4.
1541 1196 1599 1267 169.
1619 1196 1678 1250 288.

544 1353 635 1409 XXII.
648 1355 812 1410 RUBRICA
824 1355 1168 1410 EXTRnoRmNARlX

539 1458 614 1529 (342)
633 1459 656 1513 Ι.
676 1459 775 1513 Contra
795 1461 918 1513 Comune
937 1461 1062 1514 ordinans
1081 1461 1211 1531 puniatur.
1238 1462 1268 1515 V.
1289 1476 1348 1531 249.
1744 1503 1748 1512 ,

539 1545 610 1614 (343.
623 1547 684 1616 332)
703 1548 741 1601 ΙΙ.
761 1547 832 1600 Pena
850 1559 941 1600 contra
959 1549 1050 1600 dantes
1069 1549 1196 1600 auxilium
1216 1547 1400 1601 defferentibus
1418 1565 1498 1600 arma.
1510 1547 1549 1602 11.
1562 1547 1595 1600 Χ
1614 1548 1645 1603 7.
1657 1563 1700 1618 99.

538 1631 614 1702 (3.44)
633 1633 687 1686 III.
707 1634 791 1686 Reddi
809 1635 905 1686 debent
933 1635 1047 1703 patribus
1074 1647 1101 1687 et
1119 1635 1235 1687 dominis
1264 1637 1374 1704 pignora
1404 1635 1461 1688 sine
1480 1635 1575 1704 precio.
1594 1645 1701 1704 captaa

679 1720 740 1788 filijs
759 1733 784 1772 et
803 1721 927 1773 uassallis.
952 1721 978 1773 V.
999 1736 1040 1786 24.
1062 1735 1120 1788 347.
1142 1737 1198 1790 349.

537 1807 613 1874 (343)
633 1807 704 1860 1111.
724 1808 824 1860 Statuta
844 1809 876 1860 de
894 1808 996 1876 sponsis
1014 1809 1137 1860 euntibus
1156 1821 1227 1859 extra
1246 1821 1350 1860 terrani.
1374 1810 1405 1865 V.
1428 1809 1485 1878 369.
1507 1807 1564 1876 381.

537 1893 612 1961 (3461
632 1894 664 1945 V.
684 1895 776 1946 Vestes
794 1908 819 1948 et
838 1912 910 1946 anna
929 1913 984 1946 22022
1004 1908 1112 1963 possunt
1131 1895 1235 1963 pignori
1260 1895 1379 1964 obligari.
1405 1896 1436 1949 V.
1459 1911 1497 1964 19.
1517 1909 1560 1960 24.

537 1981 612 2050 (347)
632 1981 680 2034 VI.
699 1983 751 2034 Pro
771 1983 826 2034 lilio
845 1995 870 2034 et
890 1982 1002 2034 uassailo
1022 1995 1121 2051 partem
1141 1995 1224 2051 patres
1243 1995 1269 2034 et
1287 1983 1391 2035 domini
1410 1983 1514 2035 soluere
1540 1980 1702 2052 compellun-

678 2081 727 2121 tur.
752 2071 782 2124 V.
805 2085 862 2138 344.

536 2155 609 2224 (348)
629 2155 692 2208 Vll.
712 2157 774 2218 Que
793 2156 969 2224 possessiones
987 2157 1095 2208 concedi
1115 2155 1261 2208 forensibus
1280 2157 1459 2225 prohibentur.
1484 2157 1515 2212 7.
1537 2155 1594 2225 169.
1614 2171 1673 2225 239.

536 2244 611 2311 (349)
630 2243 711 2297 VIII.
730 2245 801 2296 Ante
814 2242 895 2295 finem
908 2243 1014 2296 termini
1028 2261 1204 2312 masnengum
1216 2261 1297 2296 nemo
1309 2245 1438 2298 conducat
1451 2243 1576 2298 alienum.
1595 2244 1626 2302 V·
1642 2257 1699 2313 344

551 2332 611 2398 350)
630 2330 726 2384 VIIII
745 2331 827 2383 Arma
847 2332 928 2383 uetita
947 2329 1110 2382 defferentes.
1138 2332 1168 2386 V.
1188 2347 1230 2400 99.

601 2419 610 2486 )
629 2417 662 2469 X.
681 2417 744 2469 Post
762 2434 917 2486 campanam
936 2418 994 2469 sine
1013 2417 1114 2470 lumine
1132 2419 1291 2471 incedentes.
1316 2421 1346 2474 V.
1369 2434 1426 2488 372.

586 2504 611 2574 3)
629 2504 678 2557 XI.
697 2505 801 2556 Fatiens
819 2504 862 2556 uel
881 2505 981 2557 habens
999 2505 1190 2573 turpitudinem
1204 2506 1246 2558 uel
1263 2506 1386 2559 latrinam
1400 2523 1461 2560 cum
1474 2506 1562 2558 alieno
1573 2507 1698 2576 dampno.

682 2593 713 2648 V.
736 2591 793 2659 187.

601 2680 610 2749 )
629 2679 693 2732 XII.
713 2679 768 2740 Qui
787 2695 860 2731 arma
878 2680 1002 2731 comodat
1015 2680 1138 2747 puniatur
1155 2691 1181 2730 et
1195 2680 1302 2748 quando
1314 2681 1426 2732 debeant
1438 2677 1596 2748 consignari.
1612 2679 1643 2734 7.
1658 2694 1698 2748 29.

601 2767 610 2836 )
629 2766 709 2819 XIII.
729 2767 853 2818 Ementes
872 2765 982 2835 gallinas
1002 2765 1044 2817 uel
1064 2766 1201 2834 pollastros
1219 2779 1248 2819 ut
1267 2767 1299 2819 de
1312 2766 1375 2820 loris
1387 2767 1576 2820 oonduoantur.
1594 2766 1626 2821 V.
1639 2765 1697 2818 182.

535 2853 611 2924 (336)
629 2853 725 2906 XIIII.
746 2853 878 2906 intrantes
896 2865 922 2905 et
940 2866 1092 2921 rumpentes
1110 2853 1225 2905 alienam
1244 2855 1446 2923 possessitanem.
1470 2855 1501 2910 V.
1521 2852 1565 2924 69.

537 2940 610 3010 (357.
624 2941 685 3010 339)
703 2940 762 2992 XV.
780 2941 843 2992 Non
862 2952 984 2992 emantur
1002 2956 1047 2992 seu
1067 2941 1216 2992 uendantur
1235 2941 1316 2993 bestie
1345 2943 1469 2995 morbose
1496 2940 1539 2993 uel
1558 2940 1630 2994 coria
1649 2955 1698 2993 nec

678 3028 740 3080 duci
758 3027 877 3080 debeant.
896 3027 925 3078 12
944 3026 1057 3096 bugella.
1075 3026 1134 3078 XV.
1153 3026 1244 3080 XVII.

535 3116 610 3186 (338)
629 3115 703 3169 XVI.
722 3115 870 3169 Columbos
888 3113 1003 3184 priuatos
1021 3114 1151 3183 accipiens
1169 3113 1386 3184 condempnetur.
1410 3117 1441 3172 V.
1462 3129 1520 3184 127.

536 3203 609 3274 (360)
627 3203 717 3257 XVII.
736 3202 791 3266 0221
809 3201 886 3272 lupos
904 3201 1000 3270 ceperit
1018 3201 1150 3270 premium
1168 3215 1351 3272 consequatur.

536 3290 596 3360 (361
631 3291 750 3345 Consules
769 3296 882 3343 tenemur
896 3295 972 3360 prata
990 3290 1103 3341 2022222212
1114 3288 1198 3358 fucere
1215 3290 1366 3343 2222222221.
1390 3289 1420 3342 V.
1441 3288 1499 3360 169.

536 3377 598 3446 (362
629 3377 735 3432 XVIII.
755 3379 871 3446 Aprato
890 3376 973 3445 longo
992 3376 1110 3444 superius
1128 3377 1161 3429 ad
1179 3377 1393 3430 arronchandum
1420 3388 1487 3430 terre
1517 3393 1573 3430 non
1591 3391 1689 3432 conce-

675 3466 778 3517 dantur.
802 3465 833 3520 7.
855 3463 911 3532 269.

536 2332 545 2398 1

536 2419 545 2484 1

536 2505 578 2574 15

535 2679 546 2748 1

535 2767 545 2836 1

551 2433 597 2484 152

550 2520 596 2572 15

550 2695 598 2748 154

550 2783 596 2834 155

601 3292 612 3362 l

601 3379 611 3448 1

535 3551 752 3622 (36)1111111
772 3551 912 3620 Reprobati
931 3551 964 3603 de
983 3551 1048 3602 falso
1066 3565 1096 3604 ut
1117 3551 1244 3604 conuenit
1262 3551 1414 3620 puniantur.

535 3638 598 3708 (364
600 3641 610 3707 )
628 3639 686 3691 ΧΧ.
706 3639 822 3703 Quando
841 3639 929 3708 predia
947 3654 999 3707 que
1017 3651 1078 3691 sunt
1110 3639 1138 3690 in
1167 3639 1373 3692 comunitatibus
1400 3639 1512 3692 debeant
1538 3639 1694 3693 imbandari.

534 3811 610 3883 (365)
628 3727 712 3866 ΧΧ11.Ι
722 3724 916 3865 1612522151
873 3811 901 3864 12
903 3810 982 3866 serius
994 3812 1108 3881 exceptis
1119 3811 1207 3864 altinis
1219 3811 1293 3865 nulle
1305 3813 1410 3866 arbores
1422 3811 1577 3866 alleueatur.
1596 3811 1624 3866 V.
1637 3828 1695 3883 233.
1800 3795 1802 3800 “

535 3900 561 3969 (3
565 3899 611 3970 66)
629 3899 719 3954 XXII.
730 3899 805 3951 Vltra
817 3900 991 3970 quantitatem
1003 3899 1129 3952 librarum
1141 3899 1233 3952 decem
1245 3899 1357 3970 qualiter
1365 3893 1448 3969 possit
1456 3899 1550 3954 donari
1562 3899 1694 3955 XXVIII.

591 4025 592 4030 .
676 3985 914 4039 etdecredencia.
933 3986 1015 4041 VIII.
1038 3987 1066 4039 V.
1088 4003 1128 4054 32.

536 4073 562 4142 (3
565 4071 612 4143 67)
630 4073 736 4128 XXIII.
764 4071 917 4128 Offensores
944 4085 1117 4144 receptatores
1143 4085 1170 4128 et
1197 4085 1313 4145 raptores
1341 4073 1468 4130 conuenit
1495 4074 1694 4144 condempnari.

534 4244 609 4318 (368)
628 4161 749 4302 XXIIII.
769 4175 1150 4320 0121222229022920121112222
1168 4251 1202 4306 sit
1219 4249 1339 4322 pischari
