3958 5540
551 461 586 518 66

554 588 626 642 redat
645 585 711 640 iliud
729 586 826 656 pignus
844 585 893 654 ipsi
912 583 979 654 patri
997 583 1040 637 uel
1052 583 1165 638 domino
1178 583 1235 636 sine
1246 584 1384 640 solucione
1396 585 1438 638 uel
1452 587 1611 642 redencione
1622 589 1719 662 aliqua.

552 677 574 732 si
593 687 665 747 pater
683 674 727 728 uel
745 675 871 729 dominus
889 673 960 726 illius
977 672 1023 744 qui
1036 689 1098 726 euin
1112 673 1331 743 impignorauerit
1344 675 1531 728 monsnauerit
1542 675 1609 730 illud
1621 679 1719 750 pignus

553 783 609 820 esse
626 781 713 820 suum.
733 763 776 816 uel
794 764 816 816 si
834 763 883 816 sub
901 762 991 834 aliquo
1009 761 1087 815 titulo
1106 760 1149 814 uel
1167 777 1245 814 causa
1263 779 1325 816 eum
1344 763 1466 816 habuerit
1484 763 1527 816 uel
1546 767 1680 836 receperit

591 922 648 977 345.
668 907 735 960 Item
754 917 881 958 statutum
900 915 939 956 est
957 903 1030 974 quod
1048 903 1135 973 aliqua
1154 919 1262 972 sponssa
1280 920 1332 973 que
1344 905 1421 957 vadat
1433 915 1505 958 extra
1519 905 1654 976 bugellarn
1666 925 1720 980 que

554 1011 609 1050 non
628 995 723 1048 habeat
741 992 827 1064 piures
845 992 1038 1064 quinquaginta
1056 991 1129 1044 libris
1147 991 1174 1042 in
1194 991 1270 1044 docte
1289 1009 1344 1046 non
1363 1004 1484 1046 teneatur
1501 994 1564 1047 dare
1582 995 1646 1066 regi.
1666 996 1719 1050 nisi

552 1083 600 1138 sol.
619 1083 744 1155 quinque.
764 1098 806 1152 pp.
825 1081 848 1133 si
866 1097 930 1133 uero
948 1079 1069 1133 habuerit
1087 1096 1102 1132 a
1121 1079 1179 1148 plus
1197 1079 1330 1150 usquead
1349 1093 1456 1134 centum
1475 1081 1571 1135 habeat
1588 1082 1637 1136 sol.
1650 1083 1683 1136 X
1697 1085 1720 1138 si

553 1189 616 1224 uero
635 1171 756 1224 habuerit
768 1169 893 1222 Centum.
913 1179 1033 1220 teneatur
1044 1167 1106 1220 dare
1119 1164 1166 1220 sol.
1180 1167 1237 1220 XX.
1252 1184 1292 1238 pp.
1304 1167 1370 1220 Etsi
1390 1169 1511 1222 habuerit
1529 1169 1585 1223 CC.
1598 1183 1720 1225 teneatur

551 1261 613 1314 dare
625 1258 673 1313 sol.
686 1258 741 1312 XL.
755 1274 796 1328 pp.
810 1257 853 1325 (1)
866 1255 900 1310 Et
912 1273 959 1326 pro
973 1255 1091 1326 quolibet
1103 1255 1256 1308 centonario
1268 1255 1316 1310 sol.
1335 1255 1393 1310 XX.
1412 1273 1496 1326 usque
1514 1258 1547 1311 ad
1566 1256 1641 1311 mille
1659 1259 1718 1314 libr.

551 1359 577 1400 et
595 1365 610 1400 a
629 1345 703 1400 mille
721 1345 839 1414 superius
857 1343 941 1397 nichil
959 1355 1047 1414 petere
1065 1343 1154 1413 possit
1173 1343 1206 1396 Et
1224 1343 1257 1396 de
1275 1344 1351 1397 omni
1370 1345 1516 1414 quantitate
1534 1357 1655 1399 teneatur
1673 1365 1719 1401 rex

551 1437 612 1488 dare
630 1450 725 1504 sponse
744 1433 852 1486 terciam
871 1444 972 1502 partem
990 1432 1119 1485 dictarum
1138 1431 1324 1503 quantitatum.
1343 1432 1416 1486 Etsi
1434 1449 1486 1503 qua
1504 1449 1601 1502 sponsa
1630 1452 1720 1505 perue-

551 1524 620 1576 niret
638 1533 761 1574 extranea
772 1521 805 1574 ad
817 1519 968 1591 hospicium
980 1519 1008 1572 in
1022 1518 1134 1589 bugella.
1154 1519 1195 1572 vel
1214 1519 1334 1572 transiret
1352 1537 1399 1590 per
1413 1533 1508 1574 terram
1523 1521 1636 1592 bugelle.
1646 1525 1719 1594 quod

551 1611 636 1666 dictus
655 1626 700 1662 rex
718 1625 767 1662 nec
785 1607 842 1661 eius
860 1624 983 1678 sequaces
1001 1604 1084 1660 nichil
1102 1607 1198 1660 habere
1216 1608 1329 1660 debeant
1346 1625 1395 1660 nec
1413 1609 1497 1662 eciam
1516 1627 1575 1662 eam
1589 1609 1719 1680 impedire

551 1697 660 1770 possint.
679 1697 713 1750 Et
731 1697 776 1767 qui
795 1693 976 1750 contrafecerit
994 1694 1081 1748 soluat
1098 1712 1151 1748 rex.
1170 1695 1219 1748 sol.
1238 1694 1293 1747 LX.
1313 1707 1338 1748 et
1357 1695 1468 1766 quilibet
1498 1697 1531 1749 de
1550 1695 1650 1750 familia
1668 1698 1717 1751 sol.

550 1785 608 1840 XX
629 1801 671 1856 pp.
689 1785 723 1838 Et
741 1783 862 1838 consules
881 1795 1020 1836 teneantur
1037 1783 1135 1836 dictam
1153 1799 1278 1852 sponsam
1297 1799 1344 1852 pro
1372 1784 1459 1854 precio
1478 1784 1595 1854 predicto
1614 1786 1636 1838 si
1655 1786 1718 1840 inde

552 1873 650 1928 fuerint
668 1872 785 1944 requisiti
804 1872 889 1926 iacere
907 1871 991 1943 ipsam
1009 1870 1127 1924 relaxari.
1146 1871 1189 1940 (1)

588 2030 645 2101 346.
664 2031 732 2085 Item
751 2041 879 2084 statutum
898 2041 936 2082 est
954 2028 1026 2099 quod
1046 2027 1133 2098 aliqua
1152 2027 1346 2082 Guamimenta
1374 2045 1460 2099 neque
1486 2030 1645 2085 vestimenta
1664 2030 1717 2086 aii·
1806 2067 1810 2078 ·

550 2121 624 2174 cuius
642 2119 760 2173 hominis
778 2119 811 2172 de
830 2117 935 2188 bugella
953 2133 1008 2170 non
1028 2118 1123 2170 dentur
1140 2132 1188 2186 pro
1206 2116 1343 2169 solucione
1362 2116 1472 2170 alicuius
1497 2118 1578 2172 debiti
1597 2137 1646 2172 nec
1666 2120 1718 2174 alia

550 2210 583 2263 de
602 2224 680 2261 causa
697 2207 749 2260 nisi
767 2207 801 2260 de
819 2205 956 2260 uoluntate
974 2204 1045 2258 illius
1064 2205 1139 2258 cuius
1157 2203 1254 2258 fuerint
1284 2204 1327 2257 uel
1346 2205 1397 2258 nisi
1426 2207 1534 2259 haberet
1551 2206 1628 2278 plura
1646 2209 1718 2280 paria

550 2297 800 2368 guamimentorum
819 2295 965 2366 dequibus
983 2305 1070 2363 posset
1089 2309 1116 2346 se
1135 2293 1201 2346 bene
1220 2291 1335 2346 sufferre.

588 2451 646 2507 347.
665 2437 732 2490 Item
750 2447 878 2490 statutum
897 2435 1025 2506 estquod
1043 2433 1130 2504 aliqua
1150 2450 1262 2504 persona
1285 2450 1340 2488 non
1360 2436 1442 2505 possit
1459 2453 1509 2489 nec
1528 2437 1621 2490 debeat
1639 2438 1717 2492 relin-

550 2543 631 2598 quere
650 2524 735 2580 frlium
753 2523 895 2577 vassallum
913 2540 1000 2594 neque
1018 2535 1175 2575 seruentam.
1190 2539 1238 2592 pro
1251 2521 1341 2593 aliquo
1355 2525 1444 2576 banno
1457 2537 1484 2578 et
1496 2525 1615 2594 quolibet
1627 2527 1716 2580 banno

550 2614 683 2686 usquead
702 2613 750 2668 sol.
769 2613 802 2666 X.
821 2628 864 2683 pp.
883 2612 948 2683 quin
974 2610 1060 2665 soluat
1087 2611 1108 2662 si
1128 2610 1197 2664 filius
1223 2623 1274 2664 stet
1300 2628 1362 2666 cum
1391 2624 1462 2682 patre
1481 2613 1524 2666 uel
1547 2625 1631 2667 matre
1649 2627 1676 2668 et
1694 2615 1715 2667 si

550 2702 671 2756 habuerit
689 2717 765 2754 suam
784 2712 884 2772 partem
903 2715 958 2752 non
977 2711 1103 2752 teneatur.

588 2861 645 2930 348.
664 2859 732 2913 Item
751 2870 878 2912 statutum
896 2869 935 2911 est
953 2859 1025 2928 quod
1044 2857 1117 2910 nulla
1130 2874 1240 2928 persona
1254 2858 1287 2910 de
1300 2858 1405 2928 bugella
1417 2858 1511 2912 debeat
1523 2858 1566 2912 uei
1580 2873 1715 2930 presumat

549 2950 610 3002 dare
629 2948 716 3018 aliqua
735 2958 815 3018 prata
834 2963 849 2998 a
868 2957 948 3016 ponte
967 2963 1063 3014 eurepe
1081 2945 1200 3015 superius
1218 2962 1266 2998 nec
1285 2963 1300 2998 a
1319 2946 1418 2999 cuosila
1436 2947 1554 3016 superius
1567 2949 1599 3001 ad
1620 2948 1715 3002 facien-

548 3037 613 3090 tium
632 3036 711 3088 alicui
730 3051 841 3104 persone
859 3050 911 3103 que
929 3050 984 3086 non
1004 3044 1054 3086 stet
1073 3033 1100 3085 in
1120 3032 1225 3102 bugella
1244 3045 1270 3086 et
1288 3034 1322 3086 sit
1339 3035 1459 3087 subditus
1478 3037 1587 3088 comuni
1601 3037 1714 3108 bugelle.

548 3125 582 3178 Et
599 3125 645 3194 qui
663 3121 844 3176 contrafecerit
862 3121 949 3175 soluat
968 3123 1085 3174 bannum
1106 3139 1152 3191 pro
1171 3121 1290 3192 quolibet
1308 3133 1333 3176 et
1352 3122 1468 3194 qualibet
1480 3123 1610 3178 edomada
1622 3125 1670 3180 sol.
1681 3127 1714 3180 X.

502 3219 505 3228 ’
547 3231 589 3284 pp.
609 3225 698 3284 postea
717 3212 742 3265 ei
761 3209 868 3264 auferat

585 3371 642 3424 349.
661 3354 729 3407 Item
747 3365 875 3406 statutum
894 3351 1023 3420 estquod
1042 3351 1131 3404 nullus
1149 3352 1182 3404 de
1200 3350 1306 3420 bugella
1325 3352 1418 3405 debeat
1438 3370 1529 3423 capere
1557 3354 1600 3406 uel
1619 3371 1715 3408 couen·

546 3457 599 3496 tare
619 3443 734 3513 aliquem
753 3441 869 3494 alienum
889 3440 1081 3492 masncnchum
1100 3453 1213 3492 stantem
1233 3455 1294 3492 cum
1313 3441 1404 3510 aliquo
1427 3459 1507 3511 vsque
1529 3441 1656 3496 adfinem
1670 3445 1711 3496 sui

545 3531 652 3586 termini
670 3530 692 3584 si
711 3531 763 3583 hoc
781 3545 836 3582 non
856 3527 951 3580 iaceret
969 3529 1002 3581 de
1020 3527 1129 3581 licencia
1147 3528 1220 3580 illius
1238 3544 1300 3581 cum
1319 3545 1373 3598 quo
1391 3541 1469 3583 staret
1487 3543 1513 3584 et
1532 3532 1576 3602 qui
1603 3543 1711 3586 contra-

545 3620 634 3674 fecerit
651 3617 737 3672 soluat
755 3617 874 3670 bannum
892 3615 941 3670 sol.
960 3617 992 3670 X.
1012 3633 1054 3687 pp.
1074 3633 1122 3669 nec
1141 3628 1231 3686 postea
1248 3617 1337 3686 ipsum
1356 3629 1443 3671 teneat
1462 3617 1509 3672 illo
1527 3636 1607 3674 anno.

582 3775 639 3830 350.
659 3762 727 3813 ltem
745 3769 872 3812 statutum
891 3770 930 3811 est
948 3759 1020 3828 quod
1038 3757 1128 3810 nullus
1147 3758 1231 3811 homo
1250 3759 1283 3811 de
1301 3757 1406 3828 bugella
1433 3759 1523 3829 etqui
1551 3761 1647 3814 stetin
1668 3763 1712 3814 bu-

543 3848 612 3918 gella
631 3849 724 3901 debeat
737 3846 780 3899 uel
794 3859 926 3915 presumat
940 3859 1043 3915 portare
1056 3847 1085 3897 ln
1100 3845 1159 3900 loco
1179 3845 1284 3920 bugelle
1296 3846 1412 3916 aliquem
1432 3846 1558 3900 cutellum
1572 3865 1710 3920 magnum.

544 3936 619 3988 Ultra
638 3951 802 3988 menssuram
821 3935 934 4004 positam
954 3951 1000 4004 pro
1020 3935 1127 3987 comuni
1148 3934 1260 4003 bugelle.
1285 3950 1443 3988 trecensem
1461 3953 1511 3988 nec
1529 3947 1641 3989 stocum.
1661 3954 1712 3991 nec

543 4023 595 4078 alia
614 4041 686 4076 arma
705 4040 757 4094 que
775 4021 951 4074 olienssiones
969 4021 1027 4093 alijs
1046 4022 1108 4075 dare
1126 4034 1240 4092 possent.
1254 4022 1286 4074 Et
1305 4023 1351 4092 qui
1369 4023 1551 4077 contrafecerit
1563 4024 1650 4078 soluat
1663 4041 1710 4094 pro

568 4301 601 4354 (a)
615 4301 647 4355 ιι)
660 4300 733 4350 Verba,
748 4301 794 4341 aliis
809 4299 893 4348 abrasis,
908 4309 979 4352 postea
993 4299 1078 4351 adjecta.
