3978 5546
512 479 547 534 28

549 601 693 667 148.1teu1
710 611 838 654 statutum
856 612 896 654 ert
921 602 994 672 quod
1012 600 1058 672 qui
1085 599 1203 670 posuerit
1220 599 1263 653 uel
1281 600 1345 670 puni
1371 597 1462 652 merit
1477 597 1570 670 ignem
1588 600 1616 652 in
1635 615 1678 654 co

511 690 587 742 muni
605 706 655 743 nec
673 690 701 742 in
720 690 833 743 sortibus
850 689 938 744 soluat
955 691 1074 744 bannum
1092 705 1140 760 pro
1160 688 1279 760 quolibet
1295 700 1323 742 et
1340 687 1457 758 quuiibet
1474 687 1533 776 uice
1550 687 1678 742 librorum

510 778 543 830 X.
563 793 606 850 pp.
624 789 651 832 et
668 777 793 832 mnmdet
810 778 966 848 dampnum.
984 777 1019 832 Et
1036 777 1158 832 consuler
1175 789 1315 832 tmotntur
1332 777 1475 848 Inquirete.

548 933 605 988 ¹49·
624 919 692 972 Item
710 929 838 972 sumtum
856 931 895 972 est
913 919 984 989 quod
1003 919 1049 988 qui
1068 917 1157 971 fecerit
1175 920 1284 972 boscuri.
1303 918 1410 972 Insurri.
1429 915 1472 972 vel
1483 917 1553 974 duci.
1564 916 1610 972 nel
1620 933 1678 987 por·

510 1006 557 1059 ton'
578 1006 688 1059 buscum
706 1023 722 1060 a
740 1007 849 1059 comuni
867 1023 914 1076 per
942 1007 1067 1061 homines
1093 1007 1195 1077 tolegni
1213 1009 1246 1060 ub
1264 1023 1332 1078 aqua
1360 1005 1473 1076 Oreppc.
1493 1023 1596 1060 uerssus
1614 1005 1679 1059 tole·

510 1109 603 1164 gnum.
622 1093 656 1148 Et
673 1111 720 1165 per
735 1094 861 1148 homines
887 1093 994 1166 poleoni
1013 1112 1029 1149 a
1046 1096 1162 1166 predicta
1188 1112 1256 1167 uquu
1282 1111 1385 1149 vannus
1411 1093 1566 1164 poteonum
1585 1093 1678 1148 Sotmt

510 1185 629 1236 brunum
646 1199 695 1254 pro
713 1182 832 1256 quolibet
849 1195 876 1236 et
893 1181 1010 1254 qualibet
1027 1183 1087 1238 uice
1103 1181 1152 1238 sul.
1169 1183 1204 1238 V.
1221 1201 1265 1256 pp
1284 1183 1328 1254 (r)
1346 1193 1373 1237 et
1390 1183 1436 1254 qui
1455 1182 1559 1236 duxerit
1576 1181 1677 1236 dictum

510 1271 640 1328 buschum
658 1271 745 1326 uolunt
761 1271 850 1326 simile
873 1272 1001 1326 bannum.

547 1427 605 1482 15⁰·
623 1413 692 1467 Item
710 1425 838 1468 statutum
856 1413 985 1485 estquod
1015 1413 1110 1468 vulrltu
1138 1426 1166 1468 et
1182 1414 1353 1468 serrumonda
1382 1413 1436 1467 sint
1453 1429 1506 1466 vna
1536 1411 1633 1482 piurdt„
1651 1423 1679 1465 et

510 1517 594 1553 vnum
611 1516 735 1554 comune.
753 1501 787 1554 Et
805 1501 918 1554 debant
935 1501 1084 1555 disbaudun'
1102 1500 1182 1554 simul
1199 1517 1248 1571 pro
1265 1517 1320 1554 vno
1338 1499 1456 1554 comuni.
1468 1499 1502 1554 Et
1519 1499 1613 1553 sintin
1631 1497 1678 1552 illo

510 1589 599 1642 banno
617 1589 719 1660 inquo
736 1601 798 1642 sunt
816 1587 867 1642 ulia
885 1589 1010 1643 comunia
1028 1606 1081 1661 que
1099 1602 1161 1644 sunt
1179 1589 1246 1644 ultro
1264 1604 1392 1660 oreppum
1410 1589 1424 1658 (
1440 1589 1462 1657 ).

548 1764 606 1817 151.
624 1748 692 1802 Item
710 1760 838 1803 statutum
864 1761 904 1802 est
930 1749 1002 1820 quod
1029 1749 1118 1803 omnis
1144 1749 1230 1803 homo
1248 1747 1294 1820 qui
1321 1747 1384 1802 iacit
1400 1745 1536 1818 sequelam
1554 1746 1636 1817 pomt
1653 1759 1680 1800 et

510 1837 604 1890 debent
621 1853 742 1891 accusare
759 1837 918 1909 omnesqui
936 1837 1057 1892 Incidunt
1075 1849 1102 1890 et
1119 1836 1197 1892 societ
1227 1837 1374 1908 dompnum
1393 1836 1423 1890 ln
1454 1835 1564 1890 comuni
1582 1851 1632 1889 nec
1650 1834 1677 1890 in

508 1925 630 1979 sortibus»
648 1938 675 1980 et
692 1926 787 1980 hubent
805 1927 913 1980 tertium
929 1937 1033 1996 purtem
1051 1925 1141 1980 bonni.

547 2081 606 2135 152.
624 2066 692 2120 Item
710 2078 838 2120 statutum
856 2079 896 2120 ert
914 2067 986 2138 quod
1005 2065 1095 2121 nuilus
1113 2067 1207 2120 debent
1224 2064 1347 2120 cluudere
1365 2081 1510 2126 tucamur
1528 2063 1614 2120 fucere
1631 2064 1681 2119 Rn·

512 2165 596 2206 mntns
614 2154 647 2206 de
665 2155 747 2207 busco
765 2155 798 2206 de
808 2167 935 2208 castanea.
950 2170 1037 2226 neque
1049 2156 1083 2209 de
1094 2154 1202 2209 tollore.
1214 2170 1302 2224 neque
1314 2155 1348 2208 de
1359 2153 1428 2208 ulna.
1441 2169 1529 2224 noque
1540 2153 1574 2207 de
1584 2151 1679 2206 bcollz

510 2255 598 2310 neque
615 2240 699 2293 eciam
717 2253 804 2310 gruter
821 2243 854 2295 ud
874 2241 1050 2296 claudendum
1069 2242 1188 2312 pecudeo
1199 2241 1336 2312 nequead
1354 2239 1427 2295 aiiud
1439 2257 1506 2312 opus
1519 2238 1678 2294 faciendum.

511 2328 545 2381 Et
561 2328 607 2398 qui
625 2328 807 2383 contrafecerit
832 2329 919 2384 solunt
948 2332 1068 2385 bannum
1085 2345 1134 2402 pro
1161 2328 1280 2400 quolibet
1298 2342 1325 2384 et
1342 2329 1459 2401 qunhbet
1477 2329 1535 2382 uice
1553 2328 1602 2383 soi
1620 2327 1679 2383 XX.

511 2433 554 2486 pp.
572 2427 599 2469 et
617 2417 742 2471 emendet
759 2419 915 2488 dampnum.

546 2576 837 2644 153.1tustututum
855 2591 894 2632 est
912 2579 987 2649 quod
1005 2579 1051 2649 qui
1070 2577 1148 2631 suerit
1175 2578 1303 2632 Inuentus
1322 2577 1404 2632 'erun
1423 2589 1511 2649 portus
1538 2576 1615 2648 pincij
1636 2575 1679 2630 uel

512 2661 583 2733 pinni
601 2665 773 2734 ponderendo
794 2665 956 2736 [colligendo
974 2667 1016 2720 uel
1036 2667 1176 2737 portando]
1191 2667 1234 2736 (1)
1252 2667 1369 2736 aliquem
1388 2665 1477 2720 inrum
1496 2665 1632 2736 lignomm
1644 2665 1681 2718 vi-

510 2750 628 2806 ndomm
645 2770 697 2808 nec
714 2770 776 2806 cunr
795 2755 884 2807 bestiis
915 2754 1002 2808 soluat
1020 2756 1140 2808 bannum
1170 2771 1218 2824 pru
1235 2754 1355 2824 quolibet
1373 2765 1400 2807 et
1417 2753 1535 2824 qualibet
1552 2753 1612 2806 uice
1629 2751 1679 2806 sol.

511 2837 569 2894 XX
588 2857 631 2911 pp.
649 2841 701 2896 uisi
719 2841 827 2896 baberet
843 2854 943 2896 sortem
961 2844 1031 2896 vnde
1048 2855 1170 2913 porurct.
1189 2844 1223 2895 de
1241 2859 1293 2912 qua
1310 2842 1418 2894 baberet
1437 2841 1584 2895 licenciam.

549 2996 606 3049 154.
625 2981 694 3035 Item
711 2993 839 3036 statutum
857 2996 897 3037 ert
915 2984 988 3055 quod
1006 2961 1052 3054 qui
1071 2984 1212 3037 tulliauerit
1230 2983 1272 3036 uel
1292 2983 1419 3053 Rupperit
1437 2999 1514 3053 super
1538 2981 1625 3052 aliqua
1643 2998 1681 3034 ar·

510 3070 582 3123 bore
601 3069 688 3126 solunt
705 3071 824 3126 bannum
842 3088 891 3142 pro
909 3072 1029 3143 quolibet
1047 3085 1074 3126 et
1091 3072 1209 3142 qualibet
1227 3073 1286 3124 uice
1303 3071 1352 3124 sol.
1372 3071 1429 3124 ΧΥ.
1449 3087 1491 3142 pp.
1511 3084 1538 3124 et
1555 3069 1680 3124 emendet

510 3157 669 3229 dompnum.

548 3336 606 3389 155.
624 3320 693 3376 Item
710 3333 838 3376 statutum
857 3333 896 3376 est
914 3321 987 3392 quod
1005 3320 1100 3392 aliquis
1119 3338 1174 3374 non
1193 3321 1286 3374 debent
1304 3320 1335 3372 In
1354 3320 1399 3374 die
1416 3319 1681 3374 disbmdaoonisno

511 3410 601 3464 munis
618 3409 690 3464 exire
707 3427 757 3464 nec
774 3411 813 3466 ire
830 3428 846 3464 a
865 3421 939 3481 portu
957 3411 1049 3481 Rippe
1069 3426 1117 3464 nec
1135 3427 1151 3464 n
1169 3421 1244 3479 portu
1262 3409 1374 3464 torracie
1391 3409 1518 3479 superius.
1541 3425 1681 3479 quousque

510 3515 628 3569 canpunn
646 3498 855 3553 disbundutionis
881 3499 1033 3570 pulsabitur.
1051 3499 1087 3552 Et
1116 3497 1162 3568 qui
1180 3496 1363 3552 contrafecerit
1380 3497 1467 3550 soluat
1493 3498 1613 3551 bannum
1632 3511 1680 3567 pro

510 3586 630 3657 quolibet
648 3599 674 3640 et
692 3587 808 3658 qualibet
826 3587 885 3640 uice
902 3585 951 3640 sol.
970 3587 1028 3640 XX.
1047 3602 1090 3657 pp.
1109 3586 1270 3656 ubicumque
1288 3597 1363 3638 esset.
1377 3583 1420 3637 uel
1432 3585 1588 3654 reperiretur
1599 3601 1681 3654 opre-

512 3675 588 3728 dictis
606 3674 755 3728 confinibus
781 3675 907 3744 superius.
926 3674 960 3727 Et
987 3673 1108 3727 consules
1127 3685 1265 3726 tenuentur
1283 3673 1423 3743 inquirere.
1442 3685 1469 3726 et
1487 3671 1572 3725 fucere
1586 3671 1679 3741 Jururc

512 3778 607 3816 omnes
625 3779 672 3832 per
688 3777 755 3832 quos
774 3761 869 3815 melius
899 3761 994 3832 poterit
1023 3762 1118 3814 ueritus
1133 3760 1261 3831 Jnueniri
1280 3760 1323 3829 (1)
1342 3771 1368 3812 et
1385 3759 1459 3830 quod
1477 3759 1566 3812 nullus
1584 3753 1678 3812 debent

513 3850 585 3902 exire
602 3866 651 3903 nec
669 3850 708 3902 ire
725 3861 787 3903 unte
813 3849 911 3903 dictum
939 3865 1085 3920 conponam
1103 3847 1191 3919 aliqua
1209 3847 1253 3901 die
1271 3859 1374 3901 tuntum
1406 3858 1534 3916 quantum
1555 3845 1680 3900 Comune

513 3937 613 3991 steterit
630 3938 822 3992 disbendetum.

540 4235 646 4290 (1)ch
659 4236 811 4291 subsequuntur
823 4235 884 4277 rcrbe
897 4235 1000 4290 posterius
1014 4234 1092 4288 edicere
1106 4245 1161 4276 sunt.
1197 4249 1202 4254 ·

541 4308 574 4362 (r)
588 4307 612 4348 Iu
626 4306 673 4349 libri
687 4309 776 4364 urigine
791 4307 910 4349 adnutum
920 4317 967 4349 ectr
984 4305 1050 4347 Vacat.
