3978 5546
545 507 579 557 24

543 643 569 683 et
586 631 683 684 habere
701 631 853 684 ministmm
872 645 898 686 et
915 632 1005 687 fratres
1023 633 1160 704 hospitalis
1178 635 1326 688 habitantes
1344 634 1457 705 bugelle
1471 647 1504 688 -et
1521 635 1630 688 Vernati
1653 651 1707 705 pre

541 731 628 772 sentes
645 732 672 772 et
689 719 722 772 ab
740 719 802 790 ipsis
820 721 953 791 inquirere
970 734 997 774 et
1014 739 1029 774 a
1047 722 1182 792 quolibete
1191 739 1269 776 orum
1281 723 1417 794 sigillatim
1430 723 1563 794 inquirere
1573 723 1596 775 si
1608 723 1705 792 inipso

541 807 665 876 hospitali
684 819 857 876 procurantur
874 825 999 878 pauperes
1011 821 1038 862 ct
1050 810 1072 861 si
1084 811 1120 863 ibi
1132 821 1237 863 tutetur
1246 811 1412 880 hospitalitas
1423 823 1451 863 ct
1462 821 1617 863 exercentur
1627 825 1707 880 opera

539 895 660 948 cauneis.
680 907 707 948 et
723 895 795 948 siibi
813 909 875 950 sunt
888 897 975 968 aliqua
993 915 1046 968 quc
1064 899 1201 968 indigeant
1219 899 1383 952 correctione
1401 898 1590 952 informatione
1608 909 1635 951 et
1647 909 1707 968 post

540 983 660 1035 modum.
679 995 777 1036 statum
796 984 932 1053 hospitalis
950 986 977 1038 in
997 986 1105 1054 scriptis.
1124 987 1244 1056 redigant
1257 999 1283 1039 et
1295 987 1406 1040 tradent.
1419 986 1572 1039 consulibus
1583 987 1706 1040 comunis

540 1083 569 1123 ut
587 1088 632 1140 per
650 1087 766 1125 comune
784 1073 865 1142 possit
883 1073 932 1142 ipsi
951 1073 1075 1143 hospitali
1094 1086 1121 1126 et
1140 1075 1221 1144 ipsius
1239 1075 1393 1128 vtilitatibus
1412 1075 1552 1144 prouideri.

577 1227 634 1282 125.
654 1213 722 1267 item
740 1225 868 1266 statutum
887 1213 1015 1284 estquod
1034 1215 1147 1268 semitor
1164 1229 1191 1268 et
1208 1214 1358 1268 forestarius
1377 1216 1411 1268 de
1423 1215 1508 1286 placio
1520 1227 1547 1268 et
1558 1215 1705 1286 camparius

538 1301 645 1354 nouelle
661 1319 693 1355 ex
711 1317 805 1356 eorum
824 1302 913 1356 officio
932 1303 1008 1356 omni
1026 1303 1156 1356 edomada
1174 1315 1314 1356 tenmntur
1331 1304 1371 1357 bis
1384 1321 1493 1374 querere
1504 1305 1608 1373 ωςὶαιῃ
1621 1319 1715 1374 usque.

537 1389 570 1442 ad
588 1391 718 1443 triuolum
737 1391 812 1460 rugie
830 1390 906 1462 placij
921 1403 947 1444 et
959 1407 1053 1444 omnes
1067 1391 1110 1462 aiij
1131 1391 1257 1444 officiales
1269 1392 1377 1445 comuni
1388 1393 1515 1461 quociens
1528 1407 1574 1462 per
1585 1390 1701 1462 aliquem

537 1477 739 1532 exconsulibus
757 1478 835 1533 fuerit
853 1479 891 1532 eis
910 1491 1061 1550 preceptum
1080 1491 1106 1532 et
1123 1480 1181 1532 sine
1199 1480 1289 1549 aliquo
1307 1479 1402 1534 salario
1420 1480 1510 1551 etqui
1522 1478 1703 1533 contrafecerit

539 1565 613 1620 oluat
630 1583 678 1637 pro
696 1566 814 1638 qualibet
831 1567 889 1620 vice
906 1583 960 1638 qua
977 1567 1159 1621 contrafecerit
1177 1567 1226 1622 sol.
1246 1567 1279 1620 V.

670 1795 717 1849 DE
736 1795 866 1850 PRATIS
885 1796 1016 1850 CAMPIS
1035 1796 1153 1850 VINEIS
1171 1796 1219 1850 ET
1238 1797 1390 1851 CLAUSIS
1410 1827 1442 1836 -
1462 1797 1493 1850 R.
1512 1795 1569 1850 vll.

574 1988 631 2043 126.
650 1990 785 2044 Stanacum
804 2003 830 2044 et
848 1992 999 2044 ordinatum
1013 2003 1051 2044 eat
1064 1991 1136 2062 quod
1149 2006 1243 2043 onmes
1255 1991 1342 2061 campi
1355 1991 1388 2045 de
1400 1989 1506 2061 bugella
1518 1989 1607 2043 sintin
1620 2005 1701 2060 presa

533 2090 560 2131 et
578 2079 624 2147 qui
643 2079 758 2148 rupperit
786 2096 896 2148 pretam.
925 2079 1011 2132 soluat
1039 2080 1162 2133 Bannum
1177 2079 1229 2133 sol.
1246 2079 1305 2132 XX.
1325 2096 1367 2150 pp.
1387 2091 1413 2132 et
1430 2078 1552 2132 consulet
1570 2094 1626 2132 uon
1644 2094 1701 2148 pos·

534 2165 587 2217 sint
605 2165 667 2218 dare
685 2164 831 2218 licenciam.
851 2165 913 2228 Que
931 2183 1005 2237 prese
1023 2165 1107 2219 diuise
1125 2177 1187 2220 sunt
1207 2179 1236 2219 ut
1253 2165 1362 2219 inferius
1382 2167 1540 2220 continetur.

567 2252 658 2305 Prima
674 2270 750 2323 presa
768 2265 795 2306 et
812 2254 881 2306 sicut
898 2255 972 2306 uadit
989 2254 1031 2306 νὴ
1058 2253 1249 2324 Saluagnaschi
1278 2271 1362 2325 usque
1389 2255 1418 2308 in
1446 2267 1518 2308 curte
1545 2255 1699 2324 ponderani.

533 2340 673 2394 Gallianici
690 2332 853 2395 et'Vemati.
872 2343 993 2396 Secunda
1012 2359 1076 2395 uero
1095 2355 1134 2395 est
1151 2359 1167 2396 a
1184 2343 1227 2395 via
1245 2342 1443 2413 Salungnaschi.
1471 2359 1555 2413 usque
1578 2343 1612 2396 ad
1629 2344 1701 2397 viam

532 2429 577 2481 uhi
596 2429 691 2482 dicitur
708 2429 867 2501 felegiosum
885 2441 912 2484 et
929 2447 976 2500 per
993 2430 1107 2484 fundum
1126 2431 1159 2484 de
1177 2431 1220 2484 via
1237 2431 1428 2501 Saluaguascbi
1447 2447 1531 2501 usque
1548 2431 1582 2484 ad
1594 2447 1699 2484 crucem

531 2518 694 2587 superiorem
712 2518 859 2589 molegnati
877 2536 930 2589 que
947 2531 986 2572 est
1006 2520 1096 2589 [apud]
1118 2535 1242 2589 campum
1257 2519 1388 2588 Jobannis
1400 2520 1434 2572 de
1445 2520 1621 2573 marendono.
1635 2519 1699 2572 Ter·

530 2607 570 2659 cia
587 2619 677 2660 autern
695 2620 735 2660 est
752 2625 767 2661 a
786 2608 830 2660 uia
848 2606 968 2677 felegiosi
986 2625 1071 2678 usquc
1087 2608 1123 2662 ad
1141 2609 1252 2678 rippam.
1271 2619 1298 2660 et
1317 2624 1400 2677 usque
1418 2609 1451 2660 ad
1469 2625 1574 2661 crucem
1593 2607 1695 2661 caudeli

530 2707 556 2748 et
574 2711 657 2765 usque
676 2696 708 2748 ad
727 2696 845 2765 quinque
863 2697 976 2750 arbores.

569 2852 625 2905 127.
645 2837 712 2890 Item
730 2849 857 2890 statutum
877 2839 1005 2908 estquod
1024 2839 1070 2908 qui
1089 2838 1193 2907 ceperit.
1213 2837 1256 2890 uel
1275 2836 1375 2891 furatus
1388 2837 1473 2890 fuerit.
1489 2837 1532 2890 uel
1544 2839 1601 2907 capi
1611 2836 1699 2891 fecerit

530 2925 574 2978 uel
591 2926 771 2994 asportauerit.
800 2925 845 2978 uel
871 2926 996 2995 asportari
1025 2925 1122 2978 fecerit.
1151 2926 1193 2978 uel
1222 2925 1339 2979 offendet
1358 2927 1386 2978 in
1406 2926 1499 2978 alienis
1517 2927 1603 2978 rebus.
1621 2937 1648 2978 et
1666 2925 1699 2978 de

529 3012 622 3066 alienis
640 3014 715 3067 terris
732 3014 762 3066 in
781 3013 915 3067 fructibus.
934 3015 991 3067 siue
1010 3014 1226 3083 possessionibus
1245 3014 1333 3068 soluat
1353 3016 1471 3068 bannum
1489 3013 1539 3067 sol.
1558 3014 1590 3066 V.
1611 3030 1652 3084 pp.
1665 3014 1699 3067 de

529 3101 573 3153 die
590 3113 617 3153 et
634 3100 682 3152 sol.
703 3100 757 3154 LX.
777 3119 819 3171 pp.
838 3102 871 3155 de
889 3113 975 3154 nocte.
1003 3113 1029 3154 et
1047 3102 1171 3154 emendet
1198 3103 1353 3172 dampnum.
1372 3101 1406 3154 Et
1423 3102 1469 3172 qui
1488 3101 1651 3171 paschaucrit
1669 3101 1697 3154 in

528 3187 621 3242 alienis
639 3190 726 3260 pratis.
745 3190 788 3258 (1)
806 3190 828 3242 si
847 3188 925 3243 fuerit
943 3207 994 3242 vata
1013 3191 1095 3243 bestia
1114 3189 1155 3242 uel
1175 3191 1227 3244 due
1247 3190 1295 3243 sol.
1315 3190 1347 3242 V.
1367 3202 1393 3242 et
1411 3207 1427 3244 a
1445 3190 1547 3243 duabus
1561 3206 1645 3260 usque
1663 3189 1697 3242 ad

528 3294 629 3330 nouam
647 3276 696 3331 sol.
714 3277 747 3330 X.
766 3294 809 3348 pp.
828 3291 888 3332 eta
909 3295 1010 3332 nouam
1028 3279 1148 3348 superius
1165 3279 1214 3332 sol.
1233 3279 1291 3332 XX.
1310 3295 1353 3349 pp.
1372 3295 1420 3349 pro
1439 3278 1558 3350 quolibet
1584 3279 1697 3332 domino

528 3365 671 3420 bestiarum
690 3379 716 3420 et
733 3367 859 3420 emandet
877 3367 1032 3438 dampnum.

566 3509 623 3561 128.
642 3507 709 3560 Item
729 3521 856 3561 statutum
877 3507 1006 3578 estquod
1025 3508 1071 3577 qui
1090 3507 1159 3561 exiet
1178 3525 1240 3560 cum
1258 3523 1332 3560 carro
1362 3506 1404 3559 uel
1423 3524 1484 3560 cum
1513 3507 1601 3560 bestiis
1619 3523 1697 3577 super

527 3612 621 3666 campo
640 3597 771 3649 seminato
790 3613 851 3649 cum
871 3594 948 3648 blaua
965 3595 1045 3647 intus.
1065 3595 1151 3648 soluat
1170 3597 1288 3648 bannum
1307 3594 1355 3648 sol.
1374 3593 1406 3647 11.
1425 3610 1467 3664 pp.

565 3753 622 3808 129.
642 3738 709 3791 item
733 3750 861 3790 statutum
888 3749 927 3790 est
951 3738 1024 3806 quod
1051 3737 1097 3807 qui
1125 3737 1203 3790 fuerit
1230 3736 1358 3790 Inuentus
1382 3736 1409 3789 in
1428 3737 1522 3790 alienis
1539 3736 1631 3790 vineis.
1651 3735 1694 3790 uel

527 3825 621 3879 clausis
639 3826 784 3879 vinearum.
804 3824 847 3878 uel
866 3825 1008 3895 planttatis.
1027 3842 1043 3879 a
1061 3837 1152 3878 sancto
1168 3825 1286 3878 Eusebio
1307 3841 1390 3896 usque
1408 3826 1440 3878 ad
1454 3825 1603 3878 uindemias
1614 3824 1695 3878 factas

526 3912 613 3966 soluat
629 3915 749 3967 bannum
767 3913 815 3967 sol.
835 3913 867 3966 V.
880 3931 929 3984 pp.
949 3913 982 3966 de
1001 3915 1052 3968 die.
1071 3927 1097 3968 et
1115 3915 1149 3968 de
1166 3925 1245 3966 nocte
1263 3912 1311 3966 sol.
1324 3913 1380 3966 XL.
1395 3929 1437 3984 pp.
1451 3925 1477 3965 et
1490 3913 1614 3966 emendet
1622 3913 1695 3966 dam·

526 4017 618 4071 pnum.
637 4003 671 4055 Et
688 4002 800 4072 quisque
818 4003 901 4071 possit
919 4019 975 4055 esse
993 4015 1129 4056 accusator
1146 4003 1187 4054 sui
1206 4001 1315 4070 dampni
1333 4017 1396 4054 cum
1411 4001 1566 4070 Jurameuto
1585 4001 1636 4070 (1).
1660 3999 1694 4054 Et

526 4088 630 4143 domini
648 4090 690 4142 sui
707 4105 769 4142 cum
787 4106 842 4160 quo
860 4102 986 4144 moratur.
1005 4103 1032 4144 et
1043 4091 1116 4161 quod
1129 4089 1240 4161 quilibet
1258 4089 1341 4160 possit
1352 4105 1473 4142 accusare
1490 4099 1517 4141 et
1529 4088 1693 4142 denuntiare.

554 4337 581 4390 (ι)
592 4333 740 4389 Subsequentia
753 4347 798 4392 cap.
808 4336 869 4379 ruba
883 4335 984 4391 posterius
1000 4337 1081 4394 scripta.
