3958 5540
542 465 577 520 68

544 590 625 644 bestie
643 590 696 644 sint
713 589 818 644 infirme
837 592 870 644 de
888 592 983 644 morbo
1002 589 1044 644 uel
1064 589 1238 661 polmoneria.
1257 591 1345 660 etqui
1358 589 1539 644 contrafecerit
1550 587 1638 645 soluat
1649 591 1710 646 ban·

544 696 610 732 num
629 678 677 732 sol.
697 679 751 732 LX.
771 697 814 750 pp.
832 691 859 732 et
876 680 986 732 admitat
1005 681 1099 732 bestias
1117 693 1143 732 et
1161 681 1230 733 dicte
1248 679 1330 732 bestie
1348 680 1670 750 perueniantlncomuni.
1683 691 1710 732 et

545 767 652 820 cuilibet
670 768 752 837 possit
770 784 902 820 accussare
921 779 947 820 et
965 768 1125 820 denunciare
1143 780 1169 820 et
1187 768 1282 820 babeat
1300 781 1400 838 partem
1428 767 1579 821 bestiarum.
1597 767 1631 822 Et
1648 783 1710 821 con·

545 853 614 906 sules
633 866 771 906 teneantur
789 855 921 924 inquirere
939 867 965 907 et
982 867 1073 908 tenere
1090 855 1207 925 priuatos
1225 867 1400 907 accussatores
1413 867 1439 908 et
1457 855 1666 908 denuntiatores.
1677 855 1710 907 Et

545 941 710 1011 intelligatur
727 942 828 996 dictum
847 955 974 996 statutum
992 944 1087 996 debere
1104 943 1238 995 obseruari
1257 955 1396 1012 postquam
1424 943 1614 996 denunciatum
1632 941 1711 996 literit

545 1029 589 1082 uel
607 1030 810 1100 preconiaatum.
830 1031 873 1099 (r)
891 1031 922 1083 ln
941 1029 1026 1102 placio
1052 1031 1157 1100 bugelle
1184 1032 1226 1100 (1)
1255 1031 1366 1100 nequis
1393 1043 1527 1101 presumat
1554 1031 1648 1084 ducere
1666 1032 1709 1084 uel

545 1119 606 1172 duci
625 1115 708 1171 lacere
726 1120 848 1188 predicta.
867 1135 883 1172 a
901 1118 966 1172 locis
992 1120 1146 1172 nominatis.
1173 1119 1204 1172 In
1233 1119 1451 1190 preconizatione
1473 1131 1500 1172 et
1518 1131 1573 1173 tam
1591 1131 1711 1174 ementes

545 1222 626 1277 quam
644 1205 788 1259 vendentes
805 1206 912 1259 soluant
930 1207 1056 1260 bannum.

584 1346 641 1416 358.
660 1347 728 1399 Item
746 1357 873 1398 statutum
891 1347 1020 1417 estquod
1039 1344 1128 1398 nullus
1146 1347 1239 1399 debeat
1258 1363 1349 1417 capere
1367 1363 1417 1400 nec
1435 1346 1491 1416 capi
1511 1345 1595 1400 lacere
1608 1345 1712 1417 aliquos

545 1434 685 1487 columbos
703 1434 819 1504 priuatos
838 1433 926 1504 aliquo
946 1435 1028 1487 modo
1047 1450 1096 1487 nec
1114 1435 1163 1486 sub
1181 1432 1268 1504 aliqua
1299 1435 1393 1503 specie.
1413 1435 1446 1486 Et
1464 1435 1510 1504 qui
1529 1433 1710 1488 contrafecerit

545 1521 632 1574 soluat
651 1538 697 1591 pro
716 1521 834 1591 quolibet
852 1533 878 1573 et
896 1521 1020 1592 qualibet
1039 1522 1103 1574 vice.
1123 1521 1170 1573 sol.
1191 1521 1245 1574 LX.
1265 1538 1307 1592 pp.
1326 1535 1353 1574 et
1366 1523 1484 1575 restituat
1497 1522 1645 1592 dampnum
1659 1521 1711 1574 illis

546 1609 622 1661 cuius
638 1607 742 1660 fuerint.
761 1619 787 1660 et
804 1607 915 1677 quilibet
933 1609 1015 1677 possit
1032 1625 1165 1661 accussare
1184 1621 1210 1661 et
1234 1609 1393 1662 denunciare
1420 1609 1507 1678 palam
1535 1621 1562 1662 et
1579 1609 1712 1679 priuatim.

547 1696 581 1748 Et
599 1695 720 1748 consules
738 1707 877 1748 teneantur
894 1707 1069 1748 accussatores
1099 1708 1126 1748 et
1144 1697 1345 1750 denuntiatores
1372 1708 1462 1750 tenere
1487 1697 1612 1766 priuatos.
1631 1709 1658 1750 et
1676 1697 1713 1748 in-

548 1783 651 1854 quirere
668 1795 760 1836 contra
778 1783 893 1853 predicta
911 1783 1043 1837 iacientes.
1063 1783 1085 1837 si
1103 1783 1214 1836 siuerint
1232 1784 1275 1836 uel
1294 1785 1452 1837 audiuerint.

586 1940 644 1994 359.
664 1925 730 1976 Item
749 1936 875 1977 statutum
895 1925 1023 1994 estquod
1043 1924 1137 1994 aliquis
1164 1941 1220 1979 non
1248 1925 1341 1979 debeat
1360 1942 1448 1977 emere
1476 1924 1572 1977 ducere
1591 1923 1634 1977 uel
1652 1924 1713 1977 duci

549 2011 633 2064 lacere
651 2012 678 2064 in
699 2013 803 2082 bugella
822 2012 909 2082 aliqua
936 2013 1007 2064 coria
1025 2013 1058 2064 de
1076 2012 1164 2082 aliqua
1192 2025 1263 2082 parte
1290 2029 1336 2064 seu
1355 2012 1415 2064 loco
1433 2012 1461 2064 in
1481 2028 1535 2082 quo
1562 2013 1644 2065 bestie
1661 2013 1715 2066 sint

551 2099 656 2152 infirme
674 2103 769 2153 morbo
788 2101 830 2154 uel
850 2100 1023 2170 pulmonaria.
1043 2102 1076 2153 Et
1094 2102 1141 2171 qui
1159 2100 1340 2153 contrafecerit
1351 2100 1438 2153 soluat
1457 2101 1575 2153 bannum
1594 2100 1642 2154 sol.
1656 2100 1713 2154 XX.

550 2204 592 2256 pp.
612 2199 638 2239 et
656 2189 726 2240 coria
745 2189 797 2240 sint
816 2189 938 2242 comunis
958 2189 1070 2258 bugelle.
1083 2201 1109 2242 et
1127 2189 1237 2259 quilibet
1256 2190 1337 2258 possit
1351 2205 1484 2241 accussare
1496 2201 1522 2241 et
1535 2189 1568 2242 de
1580 2189 1714 2242 nunciare

551 2276 584 2327 Et
602 2275 723 2328 consules
741 2287 880 2329 teneantur
898 2276 1030 2346 inquirere
1057 2278 1089 2330 ed
1108 2289 1283 2330 accussatorea
1310 2293 1357 2329 seu
1375 2276 1408 2329 de
1435 2276 1603 2329 nunciatores
1626 2289 1715 2329 tenere

550 2362 675 2431 priuatos.
688 2375 715 2416 et
726 2363 790 2417 dicti
808 2378 982 2417 accussatores
1001 2382 1047 2417 seu
1066 2366 1267 2417 denunciatores
1286 2365 1401 2417 babeant
1420 2381 1496 2418 suam
1515 2376 1616 2435 partem
1634 2365 1715 2417 banni

551 2463 577 2503 et
596 2451 629 2534 de
646 2452 732 2520 corijs.
752 2453 824 2506 etin
843 2455 968 2507 omnibus
987 2453 1149 2525 intelligatur
1166 2453 1219 2506 hoc
1238 2465 1365 2506 statutum
1384 2454 1530 2507 secundum
1543 2464 1670 2506 statutum
1683 2453 1716 2505 de

552 2539 641 2608 bestijs
660 2541 810 2592 amorbatis.

596 2701 739 2770 360.1tem
757 2711 885 2752 statutum
903 2700 1031 2770 estquod
1050 2699 1071 2752 si
1090 2699 1184 2768 aliquis
1214 2700 1298 2752 homo
1316 2711 1419 2767 caperet
1445 2697 1561 2768 aliquem
1580 2697 1673 2766 lupum
1691 2709 1718 2749 et

553 2808 616 2845 eum
634 2788 831 2857 consignauerit
849 2787 1001 2840 consulibus
1020 2789 1141 2840 comunis
1161 2787 1273 2856 bugelle.
1287 2787 1381 2838 habeat
1394 2803 1409 2838 a
1423 2785 1533 2838 comuni
1545 2785 1593 2838 sol.
1606 2785 1663 2838 XX.
1675 2801 1716 2854 pp.

553 2891 579 2932 et
598 2879 674 2946 lupus
693 2877 726 2928 sit
744 2876 814 2928 illius
832 2877 877 2944 qui
896 2893 958 2928 eum
978 2876 1074 2945 ceperit
1092 2877 1113 2928 si
1132 2892 1194 2927 eum
1208 2875 1303 2942 ceperit
1315 2890 1393 2942 super
1405 2874 1543 2942 poderium
1557 2872 1661 2942 bugelle
1674 2872 1717 2926 uel

553 2967 663 3019 uernati.
684 2963 726 3017 uel
745 2964 766 3015 si
786 2964 931 3033 inciperent
950 2981 1012 3016 eum
1032 2981 1119 3016 cazare
1138 2980 1215 3031 super
1234 2961 1395 3014 territorium
1416 2960 1520 3030 bugelle
1539 2961 1581 3030 (2)
1600 2973 1626 3013 et
1644 2961 1716 3031 quod

553 3053 682 3108 clauarius
700 3063 819 3104 teneatur
837 3053 940 3104 soluere
958 3053 1042 3104 dictos
1060 3051 1182 3104 denarios
1201 3049 1267 3102 insta
1286 3065 1370 3101 unum
1390 3065 1523 3101 menssem
1542 3049 1592 3117 (2).

592 3193 649 3262 361.
669 3196 735 3246 ltem
755 3206 882 3246 statutum
910 3194 1038 3263 estquod
1068 3193 1189 3246 consules
1216 3204 1355 3245 teneantur
1385 3211 1417 3243 ex
1445 3205 1608 3244 sacramento
1627 3193 1718 3246 omnia

554 3296 626 3352 prata
644 3283 766 3334 comunis
785 3281 870 3334 lacere
897 3282 1063 3334 menssuran'.
1092 3294 1119 3333 et
1145 3282 1200 3351 ipsa
1219 3293 1382 3333 merrssurata
1410 3297 1454 3348 per
1473 3297 1637 3332 menssuram
1657 3280 1719 3333 hinc

553 3372 586 3423 ad
606 3372 706 3423 exitum
726 3372 798 3439 maij.
818 3370 914 3422 reduci.
935 3370 962 3423 in
982 3369 1049 3422 libro
1068 3382 1094 3422 et
1112 3387 1142 3422 ea
1161 3369 1311 3439 consignari
1330 3381 1355 3420 et
1374 3367 1457 3420 lacere
1476 3367 1528 3438 legi
1547 3368 1576 3420 in
1593 3368 1719 3420 conscilio

553 3459 575 3513 si
595 3459 721 3530 placuerit
739 3458 874 3511 conscilio,

593 3601 882 3668 362.1ten1statutum
902 3599 1030 3668 estquod
1050 3598 1284 3668 aliqueteneuel
1313 3599 1490 3667 possessiones
1518 3615 1569 3668 que
1599 3611 1660 3651 sunt
1679 3613 1720 3650 co

555 3690 644 3742 munis
663 3701 688 3740 et
707 3688 849 3740 bominum
870 3687 981 3754 bugelle.
996 3705 1010 3739 a
1024 3699 1096 3756 prato
1111 3687 1192 3755 longo
1206 3687 1324 3755 superius
1337 3704 1391 3739 non
1405 3687 1505 3756 possint
1518 3687 1627 3738 concedi
1641 3685 1718 3738 alicui

555 3795 666 3845 persone
685 3778 732 3828 sub
752 3775 841 3845 aliquo
860 3775 937 3828 titulo
957 3777 989 3827 ad
1009 3777 1190 3827 aroncandum
1210 3792 1258 3827 nec
1277 3776 1309 3827 ad
1329 3775 1474 3844 praendum
1494 3791 1543 3826 nec
1562 3775 1595 3826 ad
1614 3775 1720 3826 insitan-

556 3867 620 3917 durn
640 3864 682 3916 uel
702 3863 883 3934 plantandum.
912 3865 945 3916 Et
963 3863 1084 3916 consules
1114 3881 1168 3915 non
1188 3865 1322 3933 pacientur
1351 3880 1396 3931 per
1414 3879 1507 3914 eorum
1526 3875 1719 3914 sacramentum

557 3954 619 4023 poni
640 3953 667 4004 in
686 3953 822 4005 credencia
841 3970 886 4022 per
898 3965 984 4005 totum
998 3963 1102 4022 tenipus
1114 3969 1208 4004 eorum
1222 3952 1372 4004 consulatus
1391 3952 1463 4022 quod
1475 3951 1563 4021 alique
1576 3964 1643 4004 terre
1656 3968 1720 4022 pos-

585 4231 612 4279 (1)
630 4231 656 4279 (ι)
673 4229 737 4267 Verba
753 4230 802 4268 bne:
817 4230 882 4268 deleta
898 4241 952 4268 sunt.

585 4301 612 4350 (2)
630 4301 656 4350 (a)
673 4299 736 4338 Verba
751 4309 823 4352 postea
836 4300 921 4339 adiecta.
