3918 5554
1369 491 1419 548 ²57
1506 491 1513 502 '

255 603 323 658 lidos
341 603 404 658 XX.
423 602 589 675 papiensium
607 617 656 658 nec
675 602 708 656 de
725 601 788 672 ipsis
806 601 900 656 debeat
917 599 974 654 fieri
1003 599 1091 674 aliqua
1118 599 1214 674 gracia.
1245 600 1278 655 Et
1308 601 1420 655 semitor

254 691 348 746 habeat
366 692 475 746 terciam
493 703 593 762 partem
613 703 642 744 ut
659 706 745 760 supra.
784 727 789 734 -

289 848 332 903 61.
350 850 418 903 Item
436 861 582 903 statuerunt
600 863 626 904 et
644 850 834 904 ordinauerunt
853 849 924 919 quod
943 847 1054 919 quilibet
1071 846 1278 918 sartorCollegij
1291 847 1318 900 in
1330 847 1420 916 uigilia

253 949 279 991 et
298 936 364 990 sesto
382 937 463 991 sancti
483 937 583 991 Alberti
603 951 628 990 er
647 939 674 990 in
694 935 760 990 sesto
779 936 905 1006 Corporis
934 935 1023 1000 Cristi‚
1051 936 1144 988 debeat
1174 949 1277 1005 portare
1304 935 1419 990 Cereunr

254 1041 332 1078 suum
351 1025 379 1078 in
398 1026 520 1079 manibus
542 1025 568 1078 in
589 1042 655 1096 pena
674 1037 700 1080 et
719 1027 808 1078 banno
826 1025 973 1078 solidorum
993 1023 1025 1076 V.
1046 1023 1210 1094 papiensium
1229 1040 1277 1094 pro
1301 1023 1420 1095 quolibet

254 1115 456 1168 contralaciente
474 1125 500 1166 et
519 1113 634 1184 qualibet
653 1114 718 1167 uice.

290 1272 433 1326 Millesimo
452 1271 656 1328 ccclxxxv.
676 1272 812 1326 iudicione
831 1285 879 1326 etc.

290 1431 423 1501 Imprimis
441 1431 598 1486 reformatio
617 1430 683 1485 iacta
701 1447 785 1501 nuper
803 1431 830 1484 in
850 1429 983 1501 presencia
1001 1429 1226 1500 inbmcnptorum
1239 1429 1375 1486 Sartorum
1389 1431 1420 1485 si·

254 1521 314 1574 licet
332 1520 468 1574 Cambrini
488 1519 634 1583 Trossardi‚
653 1518 830 1574 Guillelmoni
848 1518 882 1572 de
900 1518 1032 1582 Clauazia
1052 1518 1180 1588 Stephani
1199 1518 1337 1582 duellam,
1351 1519 1419 1574 Petri

254 1608 505 1672 bessaclri,·Andrec
523 1607 613 1661 Saxini
632 1621 659 1661 et
676 1607 791 1662 aliomm
810 1623 925 1678 quonam
943 1609 1059 1661 interest.
1079 1605 1112 1660 Et
1130 1607 1284 1662 ordinatum
1307 1619 1345 1661 est
1376 1625 1422 1678 per

254 1697 407 1766 Collegium
426 1695 612 1766 predictomm,
632 1695 757 1766 duplicari
779 1695 896 1750 bannum
915 1695 973 1750 siue
991 1695 1078 1750 banna
1096 1693 1216 1750 iacienda
1234 1707 1260 1750 et
1278 1694 1345 1750 iacta
1364 1713 1418 1751 mo

253 1797 315 1838 nere
334 1797 462 1838 currente.

288 1942 331 1996 62.
351 1943 416 1996 ltenr
437 1943 588 1998 ordinatum
608 1955 647 1997 est
665 1961 710 2014 per
729 1943 883 2012 Collegium
902 1943 984 2008 Quod
1004 1943 1092 1998 nullus
1111 1945 1143 1998 de
1174 1942 1298 2014 Collegio
1328 1945 1421 2000 debeat

254 2030 368 2084 incidere
386 2031 502 2102 aliquem
522 2047 640 2102 pannum
658 2031 743 2086 silicet
761 2031 898 2086 brachium
917 2031 960 2086 uel
980 2031 1085 2086 brachia
1109 2031 1155 2104 qui
1183 2047 1287 2102 pannus
1313 2033 1422 2088 haberet

253 2120 403 2174 Cimossam
422 2119 562 2172 sclriratam
581 2119 631 2172 nisi
650 2120 683 2173 de
702 2120 811 2174 licencia
830 2119 900 2173 illius
918 2119 964 2190 qui
983 2119 1044 2188 (1).
1059 2159 1065 2174 .
1081 2160 1108 2172 ..
1128 2121 1274 2190 predictum
1293 2137 1420 2192 pannum.

253 2208 286 2263 Et
305 2209 356 2264 hoc
374 2209 423 2262 sub
441 2225 508 2279 pena
525 2208 723 2262 conuaiacienti
742 2225 789 2279 pro
808 2208 924 2278 qualibet
943 2208 1002 2262 uice
1020 2207 1168 2262 solidorum
1177 2207 1235 2262 XX.
1245 2209 1421 2280 papiensium.

253 2297 325 2352 Etsi
343 2296 509 2366 contingeret
527 2297 599 2368 quod
617 2295 712 2368 aliquis
730 2295 856 2352 incideret
873 2297 973 2368 absque
991 2295 1101 2352 licencia
1113 2295 1260 2370 supradicta
1273 2297 1345 2368 quod
1358 2297 1421 2352 inci·

253 2385 318 2438 dens
335 2384 422 2439 soluat
440 2384 515 2438 alten
533 2383 674 2440 dimidiam
693 2383 828 2438 iacturam.

287 2541 330 2612 63.
349 2544 415 2598 Item
435 2544 506 2614 quod
525 2543 615 2596 nullus
633 2543 666 2596 de
684 2542 809 2614 collegio
827 2543 920 2599 debeat
938 2543 976 2598 ire
994 2543 1027 2598 ad
1046 2543 1154 2616 aliquod
1177 2543 1310 2600 banchum
1343 2562 1421 2598 causa

253 2631 357 2699 petendi
378 2631 493 2684 laborem
514 2631 583 2685 idest
602 2630 634 2684 ad
654 2631 786 2686 banchurn
806 2631 982 2686 vendentium
1002 2633 1051 2687 sub
1070 2649 1137 2704 pena
1156 2649 1204 2702 pro
1222 2633 1338 2704 qualibet
1362 2634 1420 2688 uice

252 2717 400 2772 solidorum
418 2717 483 2773 XX.
502 2719 676 2789 papiensium,
694 2719 727 2772 Et
746 2719 856 2791 quilibet
874 2721 907 2774 de
926 2720 1051 2794 Collegio
1069 2721 1151 2792 possit
1163 2737 1292 2776 accusare
1305 2720 1420 2776 Etaccu·

253 2817 323 2858 sator
341 2805 435 2859 habeat
453 2805 623 2859 medietatem
648 2806 736 2860 banni.

287 2963 330 3028 dr.
350 2963 416 3018 ltem
435 2963 588 3018 ordinatum
607 2977 646 3019 est
664 2966 698 3018 de
716 2965 817 3019 salario
835 2965 950 3034 Clauarij
971 2977 998 3019 et
1016 2965 1165 3020 Consulum
1184 2967 1255 3038 quod
1276 2968 1309 3021 sit
1327 2967 1416 3038 dupli-

252 3065 350 3116 cotum‚
368 3051 514 3106 solidomm
534 3051 589 3106 XL.
609 3051 734 3106 Clauario
753 3066 779 3178 τ’(
797 3053 908 3108 Consuli
927 3053 1075 3106 solidorum
1096 3053 1160 3108 XX.

287 3210 330 3278 65.
349 3209 418 3265 ltem
438 3211 509 3280 quod
528 3209 639 3280 quilibet
657 3211 701 3281 qui
716 3211 840 3280 jumuerit
853 3211 1006 3283 Collegium
1018 3212 1104 3267 soluat
1117 3211 1195 3266 libras
1208 3211 1239 3266 lb
1253 3213 1418 3284 papiensium

252 3298 309 3350 sine
327 3299 413 3368 gracia
433 3299 482 3352 nisi
502 3299 535 3352 de
553 3298 692 3353 uoluntate
710 3299 795 3353 tocius
813 3297 938 3372 Collegij.

288 3458 331 3510 66.
351 3457 416 3510 ltem
435 3459 507 3528 quod
527 3459 597 3527 Socij
618 3459 662 3528 qui
683 3472 743 3512 sunt
762 3459 880 3513 eleetiad
893 3457 1090 3514 reformandum
1104 3461 1161 3515 siue
1173 3460 1416 3518 resomtarestntutn

253 3547 352 3616 pissint
370 3548 517 3617 expendere
535 3549 683 3618 sumptibus
701 3547 815 3618 Colle-gij
835 3549 935 3603 solidos
952 3547 1016 3604 XX
1036 3549 1210 3620 papiensium.
