3958 5540
529 565 578 620 134

564 689 605 743 59.
623 673 690 726 Item
709 671 865 726 ordinantot
882 673 954 744 quod
972 671 1112 726 semitores
1130 672 1231 743 possint
1249 687 1341 742 capere
1359 687 1407 742 pro
1425 688 1520 726 eorum
1538 671 1628 726 labore
1645 689 1693 726 so·

526 758 641 814 lotiones
659 773 689 814 ut
706 759 781 814 infra

560 847 693 918 Imprimis
711 865 759 918 pro
777 848 893 920 qualibet
911 887 1104 902 ........
1123 849 1167 918 (1)

525 1023 598 1093 (ΒΗ)
617 1023 843 1078 ADDITIONES
870 1023 1053 1078 STATUTIS
1072 1023 1120 1076 DE
1139 1023 1358 1078 POTESTATE
1378 1039 1440 1076 vnn
1456 1024 1513 1094 Jan.
1533 1023 1693 1078 MCCCCll.

561 1143 593 1151 -
614 1111 669 1166 Fol.
689 1111 796 1167 Menrbr.
817 1127 877 1166 vm.
895 1114 908 1181 (
925 1113 946 1182 ).

560 1285 590 1338 ln
609 1287 720 1340 nomine
738 1287 842 1340 domini
859 1303 947 1340 arnen.
966 1287 1048 1340 Anno
1061 1287 1165 1340 domini
1178 1299 1299 1341 currente
1311 1285 1644 1358 M⁰cccc011,Jndttione
1655 1287 1694 1340 Χ·

525 1375 569 1428 die
587 1375 670 1428 VllIl.
690 1375 805 1445 Januari.

560 1515 648 1568 Hodie
665 1531 743 1585 super
760 1514 858 1586 palatio
877 1515 953 1586 placij
974 1516 1097 1569 comunis
1116 1515 1221 1587 bugelle
1239 1517 1269 1568 ln
1289 1515 1368 1586 plena
1397 1517 1529 1570 credentia
1548 1529 1695 1570 conuocata

457 1589 462 1599 ’
524 1603 558 1657 ad
576 1619 673 1656 sonum
691 1619 820 1674 campane
838 1615 864 1658 et
882 1621 949 1658 uoce
968 1605 1088 1674 preconis
1107 1616 1136 1657 ut
1155 1605 1237 1657 moris
1257 1617 1296 1656 est
1314 1604 1348 1656 de
1366 1605 1494 1658 mandato
1521 1605 1695 1658 dominorum

524 1691 590 1760 petri
608 1691 642 1744 de
660 1707 742 1745 moxo
760 1691 885 1762 Clanarij.
905 1691 1092 1762 Gugllielmini
1109 1692 1216 1763 caligari
1229 1679 1295 1762 petri
1305 1691 1432 1762 sapellani
1455 1705 1482 1747 et
1499 1693 1629 1746 andreoni
1640 1709 1696 1746 me·

526 1778 611 1832 serani
630 1778 771 1832 consulum
790 1780 912 1834 comunis
930 1779 1044 1850 bugelle.

560 1918 602 1973 60.
622 1919 756 1973 Statutum
775 1931 801 1973 et
819 1920 972 1973 ordinatum
991 1919 1040 1973 fuit
1058 1921 1130 1990 quod
1149 1921 1276 1973 dominus
1295 1932 1411 1991 potestas
1429 1921 1471 1990 (3)
1490 1933 1517 1974 et
1528 1919 1640 1974 vicarius
1652 1921 1695 1990 (3)

528 2009 560 2060 ad
579 2009 778 2078 requisitionem
798 2008 901 2060 domini
920 2007 1025 2076 clauarij
1046 2009 1091 2078 qui
1110 2025 1181 2061 nunc
1199 2021 1238 2061 est
1256 2021 1282 2061 et
1301 2025 1348 2078 pro
1366 2021 1486 2078 tempore
1511 2007 1600 2062 futuro
1618 2008 1696 2061 fuerit

525 2108 647 2148 teneatur
664 2113 696 2148 ex
715 2095 824 2148 uinculo
843 2097 983 2148 iuramenti
1002 2096 1174 2165 personaliter
1191 2097 1309 2149 detinere
1327 2113 1357 2149 ac
1376 2114 1422 2167 per
1435 2097 1635 2166 impositionem
1654 2113 1696 2166 pe·

526 2201 620 2238 narum
639 2183 853 2254 applicandamm
872 2185 981 2236 comuni
1000 2196 1027 2237 et
1044 2184 1104 2254 alijs
1116 2185 1204 2237 modis
1217 2183 1371 2239 forcioribus
1384 2201 1559 2256 quoscunque
1571 2185 1696 2238 debentes

526 2273 597 2325 dicto
615 2273 725 2326 comuni
744 2271 849 2342 bugelle
867 2272 924 2324 siue
943 2272 991 2341 ipsi
1010 2271 1125 2326 clauario
1143 2273 1255 2326 nornine
1274 2273 1337 2326 dicti
1356 2273 1481 2327 comunis
1497 2273 1642 2326 occasione
1658 2273 1697 2325 in-

526 2372 653 2413 cantuum
671 2360 945 2429 condampnationum
964 2371 990 2412 et
1008 2377 1136 2429 penarum
1154 2361 1183 2412 in
1194 2361 1289 2431 quibus
1302 2361 1484 2431 unusquisque
1499 2361 1648 2414 incantator
1659 2361 1698 2413 in-

525 2448 634 2500 currerit
651 2447 708 2500 siue
726 2447 853 2500 incurrise
871 2448 991 2501 uideatur
1004 2460 1110 2518 propter
1121 2461 1195 2518 pacta
1207 2449 1270 2502 dicti
1282 2449 1405 2502 incantus
1417 2451 1483 2502 inita
1496 2449 1564 2501 inter
1580 2465 1696 2502 comune

524 2555 557 2590 ex
576 2553 629 2590 una
647 2549 719 2605 parte
737 2549 763 2589 et
781 2537 869 2605 ipsum
887 2536 1080 2590 incantatorem
1098 2537 1155 2590 siue
1178 2537 1354 2590 incantatores
1382 2555 1415 2590 ex
1433 2537 1523 2591 altera.
1541 2538 1575 2590 Et
1592 2538 1645 2590 hoc
1663 2537 1697 2590 ad

524 2624 681 2694 petitionem
700 2636 755 2676 tam
773 2624 900 2694 presentis
917 2623 1023 2694 clauarij
1044 2641 1125 2695 quam
1137 2623 1286 2678 futurorum
1304 2642 1334 2678 ac
1348 2626 1533 2695 preteritorum
1546 2625 1643 2678 habere
1655 2625 1697 2678 de·

525 2711 644 2764 bentium
663 2727 679 2764 a
697 2711 908 2782 quibuscumque
926 2713 1045 2781 personis
1063 2725 1089 2765 et
1107 2712 1253 2783 specialiter
1271 2730 1318 2782 pro
1332 2703 1401 2766 facto
1414 2714 1587 2766 cisternarum
1599 2713 1695 2766 torria-

524 2817 622 2854 norum
641 2812 667 2853 et
686 2817 826 2854 murorum
844 2802 946 2854 dodum
965 2799 1160 2854 incantatorum
1179 2813 1206 2854 et
1230 2801 1402 2854 liuemtorum
1421 2803 1498 2854 certis
1528 2801 1646 2870 personis
1664 2800 1697 2853 de

525 2888 631 2959 bugella
651 2904 719 2958 quos
737 2889 821 2942 dictus
840 2889 966 2942 dominus
984 2901 1098 2958 potestas
1115 2905 1171 2942 non
1192 2889 1285 2942 debeat
1304 2888 1430 2941 rellaxare
1442 2889 1475 2942 de
1493 2889 1536 2958 (4)
1549 2889 1632 2941 domo
1650 2905 1698 2941 sue

523 2977 701 3030 habitacionis
720 2977 763 3046 (4)
780 2976 833 3029 nisi
851 2977 889 3029 eis
907 2977 1037 3030 terminus
1057 2976 1136 3030 luent
1153 2988 1265 3030 statutus
1284 2995 1332 3047 per
1360 2978 1504 3030 dominum
1531 2987 1697 3046 potestatem,

524 3064 668 3120 clauarium
687 3077 714 3119 et
732 3065 853 3118 consules
871 3066 905 3118 de
923 3064 1036 3118 consilio
1062 3078 1089 3119 et
1107 3065 1247 3120 uoluntate
1266 3065 1478 3120 consiliariorum
1490 3065 1553 3118 dicti
1566 3065 1696 3144 comunis

560 3205 604 3262 61.
623 3208 691 3261 ltem
709 3219 830 3262 teneatur
849 3207 931 3260 etiam
949 3205 1036 3260 dictus
1053 3206 1180 3260 dominus
1198 3217 1313 3276 potestas
1330 3207 1379 3259 sub
1391 3205 1466 3277 penis
1478 3206 1600 3277 predictis
1612 3223 1698 3278 perso

524 3295 619 3350 naliter
636 3309 760 3350 arrestare
778 3297 806 3349 in
825 3297 869 3367 (4)
889 3297 972 3350 domo
990 3303 1075 3349 vestre
1087 3295 1258 3348 habitationis
1271 3296 1323 3364 (4),
1334 3296 1380 3348 uel
1391 3312 1470 3366 super
1481 3296 1579 3366 palatio
1591 3294 1697 3366 bugelle

525 3385 548 3437 si
566 3384 691 3455 placuerit
707 3383 809 3452 babere
829 3385 935 3438 debenti
954 3401 1049 3438 omnes
1067 3395 1094 3437 et
1112 3383 1232 3453 singulos
1250 3395 1386 3438 exactores
1412 3400 1633 3455 quoruncumque
1652 3382 1696 3437 fo-

525 3472 636 3525 drorum
655 3472 811 3525 incantnum
830 3484 856 3524 et
874 3473 1022 3525 dacitorum
1041 3472 1096 3524 vini
1115 3472 1147 3524 ad
1178 3471 1336 3540 petitionem
1363 3471 1540 3526 clauariorum
1570 3472 1697 3542 presentis

525 3559 680 3612 sumturum
700 3572 726 3613 et
746 3560 937 3628 preteritorum.
957 3561 990 3613 Et
1008 3559 1089 3613 etiam
1119 3571 1244 3612 attestare
1271 3575 1366 3612 omnes
1397 3561 1460 3613 dare
1477 3561 1603 3614 debentes
1620 3560 1697 3613 dictis

525 3647 689 3700 exactoribus
702 3647 836 3700 dictorum
848 3645 985 3700 lodrorum
1004 3648 1078 3700 diciti
1092 3659 1119 3700 et
1130 3647 1289 3700 incantuum
1308 3649 1394 3701 donec
1407 3647 1486 3702 fuerit
1498 3648 1620 3718 predictis
1632 3664 1696 3701 om-

526 3735 604 3788 nibus
622 3735 785 3806 integraliter
803 3735 973 3788 satisfactum.
992 3736 1026 3789 Et
1038 3737 1066 3789 in
1080 3752 1141 3788 casu
1154 3752 1209 3806 quo
1222 3736 1277 3804 ipse
1289 3737 1415 3790 dominus
1433 3749 1547 3807 potestas
1568 3749 1698 3790 recusaret

526 3823 569 3876 uel
588 3834 656 3875 esset
674 3823 797 3876 remissus
815 3823 843 3876 in
862 3825 1018 3895 exequendo
1035 3824 1151 3895 predicta
1169 3823 1241 3894 quod
1259 3839 1316 3876 non
1335 3822 1413 3878 iaciat
1431 3824 1569 3894 complere
1586 3837 1614 3877 et
1631 3841 1696 3878 exe·

527 3910 641 3980 quitioni
660 3911 785 3963 mandare
802 3911 858 3980 ipsa
877 3911 1005 3966 laboreria
1023 3925 1050 3966 et
1067 3912 1137 3966 solui
1155 3911 1241 3964 lacere
1259 3927 1339 3980 penas
1367 3928 1431 3982 quas
1457 3911 1616 3966 incurrerint
1634 3913 1696 3983 quia

527 4015 584 4053 non
603 3997 721 4052 fecerunt
739 3998 812 4051 iuxta
830 3997 945 4052 sormam
964 4001 1082 4071 ipsorum
1101 4013 1238 4071 pactorum
1257 3999 1329 4070 quod
1348 3999 1478 4054 clauarius
1505 4000 1650 4054 modernus
1668 4011 1695 4054 et

565 4183 572 4211 r
599 4171 666 4212 locus
680 4185 731 4212 vaco
760 4202 765 4212 .

554 4171 584 4294 l²l
598 4241 654 4282 ΗΜ
668 4185 784 4284 metallica
798 4244 859 4284 etiam
873 4244 894 4284 in
908 4243 1000 4296 ejusdem
1014 4245 1092 4286 codicia
1106 4243 1145 4286 tot.
1160 4243 1218 4294 XIX,
1232 4243 1291 4286 nullo
1306 4243 1402 4299 prologo,
1417 4243 1491 4286 „hm
1506 4254 1561 4284 ,m

555 4313 586 4362 (al
600 4313 628 4362 (tt
643 4312 737 4355 tarento
751 4314 860 4366 paream.

555 4383 583 4436 (4)
597 4383 627 4434 (4)
644 4382 722 4423 Verbar
736 4391 796 4423 curre
809 4384 891 4437 magelle:
905 4386 979 4438 scripta
994 4396 1058 4435 erant,
1073 4385 1108 4425 sed
1123 4399 1194 4439 poste.
1208 4385 1278 4426 aba„
1293 4384 1357 4426 sum,
