3926 5542
1389 505 1438 572 τὸς

829 643 875 710 lV

270 767 483 836 STATUTA
518 765 657 834 SUPER
691 763 1013 834 SINDICATIONE
1046 762 1327 832 POTESTATIS
1351 763 1429 832 BU-

314 873 455 942 GELLE
480 872 636 942 EIUSVE
660 870 849 940 FAMILIE.
873 909 918 922 -
940 871 1058 938 Fascio.
1084 869 1192 938 Chart.
1218 871 1265 958 (ι)

311 1085 436 1171 jhesus.
460 1084 644 1174 Sequuntur
678 1083 801 1150 Statura
835 1103 930 1168 super
960 1078 1176 1148 Sindicatione
1199 1079 1322 1148 domini
1345 1097 1439 1168 pote·

270 1193 359 1274 statis
384 1189 514 1277 Bugelle
536 1191 669 1278 eiusque
689 1187 809 1274 Judicis
844 1185 953 1254 militis
977 1203 1009 1252 et
1032 1183 1152 1252 familie
1173 1187 1260 1274 juxta
1294 1185 1441 1256 mandata

266 1294 404 1382 Jllustris
428 1295 562 1362 Domini
586 1294 699 1361 nostri.

310 1503 331 1541 t.
345 1487 388 1556 (2)
400 1487 433 1540 Et
446 1487 533 1556 primo
546 1486 678 1540 statutum
692 1497 730 1540 est
743 1497 769 1540 et
780 1483 1028 1550 ordimmm,Qtod
1039 1497 1152 1556 potestas
1164 1483 1211 1556 qui
1224 1501 1297 1540 nunc
1309 1497 1348 1540 est
1359 1497 1386 1540 et
1398 1503 1445 1558 pro

270 1577 434 1646 temporibus
454 1575 530 1628 luerit
549 1589 669 1628 tenentur
688 1587 714 1628 et
732 1575 826 1628 debeat
844 1587 912 1626 stare
930 1586 956 1627 et
975 1589 1079 1647 nqomm
1098 1573 1202 1626 trahere
1215 1574 1242 1626 in
1258 1573 1317 1628 loco
1332 1573 1441 1646 Bugelle

273 1682 317 1734 per
335 1677 396 1718 octo
415 1663 470 1716 dies
489 1675 547 1733 post
566 1665 666 1716 exitum
685 1663 725 1716 sui
745 1662 882 1730 regiminis
900 1674 956 1714 tam
975 1679 1021 1732 pro
1035 1678 1084 1715 suo
1100 1659 1168 1714 lacto
1183 1661 1289 1732 proptio
1302 1679 1382 1734 qnam
1398 1679 1446 1734 pro

272 1754 328 1806 elus
347 1751 433 1821 judice
452 1765 477 1805 et
497 1751 596 1804 familia
615 1767 662 1822 ρτο
690 1749 851 1804 attendendo
879 1750 1037 1802 sindicatum
1068 1749 1149 1818 ipsius
1177 1749 1280 1802 domini
1306 1751 1441 1820 potestatis

272 1839 381 1908 eiusque
399 1839 492 1907 judicis
512 1839 603 1891 militis
622 1851 647 1890 et
667 1837 766 1890 familie
785 1855 814 1890 nc
833 1839 914 1890 etiam
933 1837 973 1890 sui
993 1837 1117 1906 Clanarij.
1132 1837 1243 1906 Insuper
1255 1849 1375 1892 tenentur
1388 1839 1443 1908 ipse

273 1927 398 1979 dominus
417 1939 530 1996 potestas
549 1925 707 1996 precooizari
727 1925 810 1978 lacere
830 1943 875 1996 per
893 1925 950 1979 XV.
971 1925 1027 1978 dies
1046 1937 1107 1978 ante
1125 1926 1227 1978 exitum
1246 1925 1286 1978 sui
1305 1927 1443 1996 regiminis

273 2031 317 2082 per
336 2013 425 2066 locum
445 2012 554 2082 Bugelle
572 2027 598 2066 et
617 2013 674 2065 loca
693 2025 818 2065 consueta
838 2013 871 2066 Et
890 2031 935 2083 per
947 2012 1021 2066 villas
1034 2013 1165 2066 districtus
1182 2013 1322 2084 potestnrie
1336 2013 1445 2082 Bugelle

273 2101 393 2154 videlicet
412 2101 504 2154 saltent
525 2101 564 2153 bis
583 2101 610 2154 in
629 2101 779 2154 ebdomoda
797 2101 869 2171 quod
889 2101 1004 2172 quelibet
1028 2118 1138 2170 persona
1158 2101 1211 2154 loci
1232 2101 1338 2170 bugelle
1356 2113 1382 2154 et
1401 2101 1445 2155 di-

272 2189 375 2241 strictus
394 2205 446 2260 que
464 2189 560 2241 habere
579 2189 697 2241 debuerit
716 2189 814 2258 aliquid
834 2190 866 2241 ab
885 2189 942 2258 ipso
957 2188 1069 2241 domiuo
1085 2201 1215 2258 potestate
1227 2189 1336 2260 eiusque
1348 2189 1444 2258 judice,

274 2276 359 2329 utilite
377 2289 403 2328 et
421 2274 537 2328 clauario
555 2292 601 2328 seu
620 2274 720 2328 familia
740 2276 825 2346 aliqua
845 2277 878 2328 de
897 2293 974 2328 causa
993 2293 1039 2329 seu
1059 2275 1194 2346 querelam
1213 2275 1330 2347 aliquam
1343 2276 1377 2329 de
1390 2277 1447 2346 ipso

274 2376 400 2436 potestate
419 2363 509 2416 venire
527 2363 620 2416 debeat
640 2379 730 2434 perse
749 2364 789 2416 vel
810 2364 893 2416 alium
915 2363 1026 2416 nomine
1045 2363 1126 2434 ipsius
1145 2363 1178 2418 ad
1198 2363 1285 2434 ipsum
1304 2364 1447 2418 dominnm

274 2465 429 2522 potestatem
448 2468 494 2504 seu
513 2451 545 2504 ad
565 2450 648 2504 alium
666 2469 746 2522 quem
766 2451 821 2521 ipse
840 2453 966 2504 dominus
985 2464 1100 2521 potestas
1120 2452 1231 2521 elegerit
1249 2453 1282 2505 ad
1295 2451 1448 2505 soluciones

274 2539 423 2594 laciendum
442 2540 531 2610 etqui
550 2551 707 2609 potestatem
727 2539 821 2592 lrabeat
840 2539 990 2592 solutiones
1009 2540 1078 2608 ipsas
1098 2539 1210 2592 faciendi
1230 2551 1256 2594 et
1273 2539 1307 2594 sit
1334 2539 1446 2593 idoneus

274 2639 300 2682 et
318 2627 446 2680 solvendo
465 2643 494 2680 ac
513 2627 638 2680 omnibus
656 2639 682 2680 et
701 2627 813 2696 singulis
832 2627 935 2696 integre
959 2626 1099 2680 satisfaciet
1117 2627 1162 2698 qui
1182 2628 1214 2680 ab
1233 2627 1270 2680 eis
1288 2627 1386 2680 habere
1404 2627 1446 2682 do

275 2715 373 2768 bcbunt
391 2732 443 2785 qua
462 2715 500 2768 vis
519 2715 625 2768 racione
643 2713 684 2767 vel
704 2730 789 2766 causa
811 2715 882 2768 Ante
900 2731 963 2768 vero
982 2714 1083 2768 exitum
1103 2714 1142 2767 sui
1162 2714 1300 2784 regiminis
1319 2731 1365 2786 per
1384 2727 1446 2768 octo

275 2803 331 2856 dits
349 2815 375 2854 et
394 2815 452 2871 post
470 2801 570 2854 exitum
590 2801 630 2854 sni
659 2802 797 2872 regiminis
825 2819 872 2872 per
900 2803 966 2855 alios
996 2815 1058 2854 octo
1077 2803 1132 2854 dies
1151 2803 1247 2872 quibus
1268 2815 1335 2856 stare
1354 2803 1446 2858 debat

275 2891 418 2942 sindicetur
436 2890 520 2941 dictus
539 2890 664 2942 dominus
684 2903 798 2958 potestas
818 2902 872 2942 tam
893 2907 939 2960 pro
958 2907 1007 2942 suo
1027 2889 1095 2942 lacto
1115 2907 1195 2962 qnam
1215 2907 1262 2960 pro
1290 2890 1331 2944 sui
1352 2891 1446 2944 indicis

276 2990 301 3029 et
320 2978 376 3029 eius
395 2976 494 3029 familie
513 2994 560 3029 nec
580 2977 642 3029 iude
661 2978 742 3046 possit
761 2979 881 3030 recedere
909 2979 958 3030 nisi
988 2979 1076 3030 habita
1102 2977 1206 3030 licentia
1235 2991 1261 3030 et
1291 2979 1399 3032 obtenta
1418 2979 1445 3032 io

278 3065 353 3134 plena
373 3065 516 3126 credencia,
535 3064 598 3116 alias
617 3065 674 3134 ipso
694 3063 762 3116 lacto
780 3077 806 3118 et
826 3066 882 3134 ipso
902 3067 958 3134 jure
977 3066 1010 3118 sit
1029 3065 1135 3116 insaniis
1153 3077 1179 3118 et
1199 3065 1316 3134 periurus
1335 3077 1361 3118 et
1379 3083 1446 3119 otto·

277 3170 356 3222 quant
377 3153 456 3222 possit
475 3152 502 3203 in
523 3153 593 3205 dicto
612 3152 673 3204 loco
693 3152 802 3218 Bugelle
821 3153 950 3204 olliiclum
970 3152 1079 3222 aliquod
1098 3153 1227 3205 obtinere.
1250 3152 1282 3204 Et
1302 3151 1408 3222 insuper
1425 3153 1446 3206 si

278 3240 434 3292 recusauerit
453 3238 564 3300 soluere,
584 3239 679 3291 habere
698 3241 853 3292 debentibus
872 3256 918 3292 seu
938 3241 971 3292 de
991 3240 1047 3309 ipso
1075 3240 1297 3310 conquerentibus
1329 3239 1371 3293 uel
1391 3241 1447 3294 eius

279 3325 377 3378 lantilla
397 3325 461 3378 infra
481 3339 532 3378 tres
551 3327 606 3378 dies
626 3329 760 3396 prosimos
779 3341 837 3396 post
856 3345 937 3398 quant
958 3325 1033 3380 luerit
1052 3329 1262 3396 coodampoatns
1273 3327 1348 3380 liceat
1367 3329 1445 3382 credi·

278 3415 327 3466 turi
348 3433 393 3467 seu
412 3414 485 3467 alteri
505 3415 601 3467 ltabere
620 3416 724 3468 debenti
744 3417 831 3484 ipsum
851 3429 1006 3486 potestatem
1038 3417 1155 3469 detinere
1174 3429 1200 3470 et
1220 3415 1305 3488 ipsum
1326 3433 1446 3490 persona·

279 3503 338 3555 liter
355 3515 479 3556 arrestare
497 3515 523 3556 et
542 3502 623 3572 ipsius
642 3519 682 3556 res
700 3515 726 3558 et
746 3503 815 3558 boot
834 3503 937 3558 realiter
955 3515 981 3558 et
1000 3504 1118 3576 impune.

316 3675 338 3714 2.
359 3661 467 3730 losuper
484 3661 638 3716 statuerunt
655 3673 681 3715 et
699 3661 889 3714 ordinauetuot
908 3662 979 3732 quod
999 3679 1045 3734 per
1063 3663 1253 3718 credencirtrios
1265 3665 1387 3718 comunis
1398 3667 1446 3720 Bu·

279 3748 348 3816 pelle
366 3749 478 3816 eligatur
496 3749 523 3802 iu
543 3749 620 3818 plena
639 3749 774 3802 credcncia
795 3765 840 3820 per
858 3761 909 3802 tres
927 3751 1090 3804 ebdomodas
1110 3765 1170 3804 ante
1189 3753 1290 3806 exitum
1309 3753 1446 3821 regiminis

280 3839 413 3907 potestatis
433 3837 542 3908 Rugelle
569 3853 636 3890 rous
664 3849 816 3908 procurator
843 3853 889 3890 seu
908 3837 1024 3892 sindicus
1052 3839 1097 3910 qui
1115 3855 1205 3892 causas
1223 3853 1249 3894 et
1267 3841 1446 3912 querimonias

304 4047 334 4100 (t)
349 4047 502 4088 Monumentum
516 4047 556 4088 ltoc
570 4059 615 4086 sere
628 4047 721 4094 humido.
736 4057 756 4088 et
771 4057 871 4088 vetustus
886 4061 976 4094 caesum,
1007 4057 1094 4102 qnntnor
1108 4057 1188 4089 constet
1203 4047 1313 4090 cbnrtsceir
1329 4049 1392 4090 loliis.
1408 4049 1445 4092 c·-

280 4119 357 4172 plrulls,
373 4130 423 4170 qnae
439 4119 458 4156 ln
473 4117 504 4156 ltls
519 4119 656 4164 continemur.
671 4119 749 4158 ordmlr
764 4121 835 4172 gratia,
858 4119 949 4158 mbttos
971 4131 1066 4158 numeros
1082 4121 1196 4168 ndlrclmns.
1221 4141 1243 4152 -
1266 4119 1342 4160 Deliis
1364 4123 1445 4162 staturis

279 4199 346 4230 errant
360 4189 402 4228 duo
417 4189 455 4227 nlrs
470 4189 575 4228 chanun
588 4189 716 4241 exemplaret.

307 4261 338 4310 la)
350 4259 429 4299 nnbtet
444 4260 522 4298 numeri
537 4259 611 4310 quibus
625 4259 713 4310 capitula
727 4259 881 4312 distinguuntur
894 4261 968 4300 derunt
993 4261 1013 4301 ln
1028 4263 1174 4314 manscripto.
1195 4273 1235 4300 nos
1248 4273 1293 4310 eor,
1308 4269 1331 4302 tn
1344 4263 1365 4304 ln
1380 4273 1446 4318 ρκεε·

281 4329 376 4370 dentibus
391 4331 536 4378 monumentis,
552 4330 675 4380 addidimus,
690 4331 768 4370 ordinis
782 4331 854 4386 gratis.
