3926 5542
541 505 592 560 226

613 687 619 698 .
671 687 677 698 .
750 649 807 698 rr‘.

544 662 609 715 1513
639 645 814 805 lgeoidfiiucsli.
829 733 862 804 'q.
881 733 1035 805 Spectabilis
1053 733 1157 788 domini
1172 733 1302 804 johannis
1320 731 1354 787 de
1371 743 1442 786 turre
1469 732 1589 804 recipitur
1606 732 1634 786 iu
1652 731 1706 785 col-

612 823 676 894 legio
693 829 716 878 ri
734 825 803 876 iuroi
821 829 922 877 siolulu
942 823 1097 878 Consulibus
1114 829 1136 876 ri
1155 823 1254 876 uolorio
1273 821 1363 892 quibus
1380 829 1466 893 supro.

546 1015 622 1070 15¹3·
641 1001 822 1142 [ineffabillis
840 1086 910 1140 filius
928 1085 1025 1140 nobilis
1043 1083 1174 1154 Amlionij
1195 1085 1228 1138 de
1246 1085 1347 1138 tarditis
1365 1086 1398 1138 de
1416 1083 1526 1154 Bugella
1544 1085 1662 1154 recipitur
1681 1099 1708 1135 ru

614 1178 715 1246 collegio
733 1181 858 1230 coruluule
876 1177 1040 1228 iuslrurueulo
1057 1174 1115 1228 dolo
1132 1175 1172 1228 rlir
1189 1173 1282 1227 decimo
1300 1179 1387 1227 orlovo
1406 1174 1468 1242 oroij
1488 1173 1553 1226 aurii
1564 1171 1709 1243 supradicli.

615 1265 768 1320 Consulibus
785 1271 806 1318 el
826 1265 924 1316 uolorio
941 1265 1032 1334 quibus
1049 1274 1134 1336 supro.

548 1457 623 1512 ¹5¹3·
643 1441 838 1598 amp-us
850 1526 998 1596 spectabilis
1012 1527 1114 1580 domini
1134 1526 1315 1580 Bmholomei
1334 1527 1368 1579 de
1381 1524 1536 1578 bertodanis
1553 1522 1709 1577 condomini

617 1615 718 1684 tolegni
737 1627 765 1667 et
782 1615 929 1684 miagliani,
948 1615 982 1668 de
1000 1614 1118 1686 Bugella,
1128 1616 1247 1685 ruipilur
1264 1621 1286 1666 ri
1304 1614 1446 1666 odmillilur
1465 1612 1547 1665 iurol.
1559 1611 1711 1666 Cousulilms

616 1708 637 1755 ei
656 1704 756 1755 uoiorio
774 1703 865 1773 quibus
883 1712 968 1774 supro.

551 1894 684 1949 1513.19.
709 1878 811 1948 Morcij.

653 1966 764 2020 Ottinus
782 1965 798 2020 i.
818 1984 842 2037 q.
862 1967 959 2021 nobilis
978 1969 1043 2038 perri
1062 1968 1095 2021 de
1114 1967 1226 2021 Villanis
1245 1969 1278 2020 de
1297 1966 1406 2037 Bugella
1426 1967 1545 2037 recipitur
1563 1968 1592 2018 r'u
1610 1965 1712 2035 collegio

615 2055 786 2126 prorsruiibus
804 2056 929 2108 nobilibus
948 2055 1074 2108 francisco
1093 2057 1127 2108 de
1144 2056 1253 2118 tardius,
1272 2067 1346 2124 petro
1365 2055 1399 2108 de
1416 2054 1544 2118 roxolate,
1557 2054 1665 2106 charolo
1679 2055 1712 2106 de

618 2143 722 2208 lerona,
738 2143 861 2213 Johanne
878 2161 987 2213 gaspare
1005 2144 1038 2196 de
1057 2143 1215 2206 berrodanis‚
1234 2141 1361 2195 francisco
1380 2143 1413 2195 de
1431 2141 1627 2210 montegrandi
1638 2153 1712 2210 perro

618 2231 651 2284 de
670 2232 771 2301 gmmis
789 2244 816 2284 et
834 2231 958 2284 ludovico
976 2232 1009 2284 de
1027 2231 1136 2301 grumis.
1166 2231 1196 2282 El
1214 2231 1253 2282 dir
1279 2230 1372 2282 droirrur
1397 2236 1484 2283 ocurvu
1512 2231 1574 2298 rrroij
1592 2230 1713 2300 scqurulis

616 2321 718 2388 jurauil
736 2336 836 2372 seruarc
853 2325 954 2372 slululu.
974 2319 1127 2373 Consulibus
1142 2325 1163 2370 ri
1183 2321 1280 2370 rubrio
1299 2319 1389 2388 quibus
1407 2327 1491 2388 supra.

621 2537 627 2548 .
679 2537 686 2548 .
711 2495 771 2548 Mar
785 2497 795 2548 i
800 2498 814 2548 ’.

552 2512 616 2565 ¹5¹3
646 2512 945 2638 liuhanneilfranciscus
963 2582 1033 2636 lilius
1051 2583 1205 2653 Spectabilis
1223 2585 1318 2638 artium
1337 2597 1364 2638 et
1382 2585 1514 2638 medicine
1526 2585 1649 2639 Doctoris
1669 2586 1715 2638 do·

622 2673 690 2725 mini
709 2672 828 2741 magistri
847 2672 974 2740 Ronlfadj
995 2673 1028 2726 de
1047 2671 1258 2742 sricliignonibus
1277 2674 1309 2726 de
1328 2673 1437 2743 Bugella
1467 2675 1586 2744 recipilur
1613 2675 1640 2725 iu
1658 2675 1713 2726 roll.

620 2766 641 2813 el
659 2759 808 2812 diedecima
827 2767 914 2812 orlavu
933 2761 995 2828 ruoij
1013 2762 1134 2830 supueulis
1153 2761 1250 2812 iurauit
1268 2777 1294 2812 se
1310 2769 1469 2814 seruaturum
1481 2767 1637 2814 rssrslululo.
1650 2763 1715 2815 Cou-

621 2848 717 2900 sulibus
735 2853 756 2900 el
776 2849 873 2900 uolorio
892 2849 983 2918 quibus
999 2858 1084 2919 supro.
1108 2921 1111 2926 Ι

553 3040 629 3094 1513.
648 3041 687 3095 r9.
715 3025 817 3094 Marcii.

658 3114 793 3166 Merclrion
813 3113 883 3166 filius
902 3115 998 3167 nobilis
1026 3116 1122 3167 andree
1149 3117 1182 3167 de
1208 3117 1290 3184 spinis
1317 3117 1350 3168 de
1370 3115 1478 3180 Bugella
1497 3117 1614 3184 recipitur
1625 3117 1652 3167 iu
1670 3115 1716 3168 col-

623 3204 693 3272 legio.
715 3203 875 3267 Consulibus,
895 3206 993 3255 uolurio
1012 3210 1033 3256 ri
1051 3205 1090 3256 ‹lir
1105 3206 1203 3274 prrslili
1223 3206 1370 3256 iuruuuulis
1388 3206 1478 3274 quibus
1496 3213 1580 3274 supro.

555 3395 631 3448 ¹513·
652 3397 690 3450 19.
709 3380 811 3448 ,Hercul

587 3469 668 3520 Anno
686 3469 790 3520 domini
810 3467 953 3521 millesimo
970 3470 1186 3539 quingentesimo
1204 3469 1309 3522 decimo
1328 3471 1410 3522 tercio
1428 3470 1523 3540 dieque
1541 3471 1715 3522 decimanona

552 3557 650 3608 mensis
664 3557 754 3625 marcij
770 3557 928 3609 conuocato
941 3557 1055 3626 collegio
1069 3558 1241 3610 dominorum
1254 3559 1420 3610 notariorum
1433 3557 1538 3627 bugelle
1547 3559 1581 3610 de
1590 3559 1716 3611 mandato

551 3644 700 3698 Nobillium
720 3645 893 3696 dominorum
913 3646 1032 3697 bernardi
1051 3646 1139 3697 scallie
1155 3657 1180 3696 et
1194 3645 1296 3697 immisi
1310 3648 1342 3698 de
1360 3645 1470 3698 santono
1484 3647 1623 3698 consulum
1637 3646 1718 3715 ipsius

552 3732 656 3801 collegij
678 3732 727 3784 luit
744 3733 874 3784 admissus
892 3733 996 3785 Nobilis
1015 3733 1153 3785 ludouicus
1176 3733 1245 3785 iilius
1264 3734 1367 3785 domini
1387 3734 1546 3800 gullielmini
1566 3735 1599 3786 de
1617 3737 1718 3804 grumis

553 3819 631 3872 frater
648 3819 827 3872 meiAndree
846 3820 879 3872 de
897 3822 997 3890 gromis
1017 3821 1110 3888 notarij
1139 3821 1284 3889 subsignari
1305 3823 1360 3883 Qui
1380 3839 1424 3874 me
1443 3821 1502 3873 loco
1523 3821 1604 3890 ipsius
1622 3822 1719 3874 nobilis

553 3907 671 3960 ludouici
689 3908 805 3960 uolentis
824 3908 910 3976 ipsum
930 3907 1047 3960 officium
1067 3925 1187 3960 exercere
1206 3909 1293 3977 posuit
1312 3926 1373 3961 cum
1393 3926 1524 3961 consensu
1545 3909 1718 3961 dominorum

554 3995 719 4048 notariorum
738 3995 818 4063 ipsius
837 3995 941 4063 collegij
963 3996 990 4046 in
1009 3995 1139 4063 collegam
1158 3997 1199 4047 sui
1218 3996 1346 4048 admissus
1365 3997 1398 4048 ad
1425 3996 1579 4048 exercitium
1607 4007 1633 4048 et
1651 3996 1720 4048 dicte

553 4083 682 4136 scribanie
700 4083 819 4136 officium
838 4083 871 4136 Et
890 4083 917 4135 in
936 4082 1017 4136 fidem
1036 4084 1225 4152 premissorum
1244 4084 1287 4136 hic
1306 4101 1350 4137 me
1368 4084 1506 4152 subscripsi
1525 4100 1589 4136 cum
1612 4083 1719 4153 apposi-

555 4169 633 4222 tione
650 4170 721 4225 soliti
739 4171 810 4240 signi
827 4171 881 4223 mei
900 4170 1038 4223 manualis.

1532 4292 1650 4348 Guoius.
