3978 5546
556 507 589 561 32

552 615 715 672 nemoribus.
734 615 777 669 uel
795 615 908 669 sortibus
926 614 995 668 ultra
1014 613 1133 668 ualorem
1152 611 1207 668 Sol.
1225 612 1284 668 XX
1312 629 1355 684 pp.
1373 628 1422 684 pro
1448 627 1529 666 anno
1547 624 1574 666 et
1591 611 1723 666 nescirent

553 706 616 760 dare
633 715 735 758 rectum
750 704 885 774 Jndicium
903 703 962 774 quis
980 704 1081 757 dictum
1100 703 1247 773 dampnum
1265 699 1375 755 fecisset
1402 701 1476 773 quod
1502 700 1565 754 dicti
1582 700 1721 770 Forestarij

554 794 703 863 dampnum
721 793 868 863 predictum
886 793 991 863 Integre
1009 803 1148 845 teneantur
1165 790 1276 844 comuni
1294 801 1321 844 et
1348 789 1504 871 hominibus
1521 789 1671 842 emendare.
1689 789 1724 842 Et

552 881 624 953 quod
642 881 705 934 dicti
725 881 862 951 Forestarij
883 897 939 934 non
958 881 1071 934 debeant
1098 895 1193 932 neruus
1221 878 1329 948 aliquod
1348 878 1381 931 de
1399 877 1475 931 dictis
1503 877 1659 931 nemoribus
1677 875 1721 930 uel

552 969 674 1022 sortibus.
693 985 743 1022 nec
761 969 875 1022 aliunde.
894 984 943 1022 nec
962 969 1046 1021 eciam
1064 967 1098 1020 de
1116 978 1188 1020 extra
1207 965 1341 1036 bugellam
1360 965 1478 1019 Incidere
1495 981 1546 1018 nec
1558 977 1669 1035 portare.
1681 965 1723 1018 In·

552 1057 605 1110 cidi
624 1056 667 1110 uel
687 1057 783 1127 portari
802 1055 894 1110 facere.
914 1073 963 1111 nec
981 1055 1131 1109 consentire
1148 1056 1220 1124 quod
1239 1054 1334 1125 aliquis
1352 1065 1438 1125 portet
1456 1052 1499 1106 uel
1518 1055 1617 1124 portari
1636 1053 1721 1108 faciat.

552 1145 631 1198 ducat
649 1145 691 1198 uel
710 1146 771 1200 duci
798 1145 876 1198 faciat
904 1145 952 1198 sub
971 1161 1039 1215 pena
1063 1143 1228 1196 sacramenti.
1247 1154 1274 1196 et
1291 1142 1359 1196 ultra
1377 1142 1464 1196 soluat
1481 1157 1530 1212 pro
1561 1141 1679 1212 quolibet
1697 1155 1724 1196 et

553 1233 671 1304 qualibet
689 1235 748 1287 uice
765 1233 813 1288 sol.
833 1233 889 1287 Ll'.
909 1251 950 1304 pp.
969 1233 1003 1286 Et
1021 1231 1093 1302 quod
1112 1231 1222 1302 quilibet
1240 1247 1286 1284 eos
1313 1247 1435 1284 accusare
1461 1230 1544 1300 possit
1561 1241 1617 1284 tam
1635 1229 1723 1301 palam

554 1339 634 1392 quam
654 1322 786 1392 priuatim.
806 1321 839 1374 Et
857 1321 979 1374 consules
997 1332 1136 1374 teneantur
1153 1319 1293 1390 inquirere
1313 1319 1346 1372 Et
1364 1321 1398 1372 de
1411 1319 1533 1389 predictis
1545 1319 1670 1373 omnibus
1688 1331 1725 1372 at-

553 1409 689 1463 tendendo
707 1409 771 1462 dicti
789 1408 926 1479 Forestarij
947 1419 1087 1462 teneantur
1104 1408 1203 1461 bonam
1222 1419 1248 1460 et
1266 1407 1400 1478 ydoneam
1419 1419 1532 1477 prestare
1564 1407 1723 1477 captionem.

593 1563 650 1616 173.
669 1549 737 1601 Item
756 1559 883 1601 statutum
902 1559 948 1600 est
968 1546 1041 1618 quod
1060 1546 1197 1618 forestarii
1217 1559 1357 1600 teneanmr
1373 1561 1420 1616 per
1437 1561 1531 1600 eorum
1542 1545 1724 1600 iuramentum

556 1636 632 1689 omni
650 1635 694 1688 die
711 1635 750 1688 ire
768 1635 801 1688 ad
820 1635 967 1688 custodiam
985 1651 1136 1688 nemomm.
1156 1647 1182 1688 et
1212 1647 1350 1688 sortarum.
1369 1635 1493 1688 uidelicet
1520 1650 1589 1688 unus
1608 1650 1724 1689 uerssuss

557 1723 698 1794 tolegnum
717 1725 851 1794 usquead
869 1723 961 1776 sellam
981 1724 1092 1777 roncini.
1111 1735 1137 1776 et
1155 1723 1221 1776 alter
1238 1739 1340 1776 verssus
1359 1722 1505 1793 poleonum
1529 1739 1612 1794 usque
1630 1723 1663 1776 ad
1681 1721 1723 1776 ia-

553 1813 666 1865 varium.
685 1825 712 1866 et
730 1814 758 1866 in
777 1811 836 1866 aliis
855 1813 981 1866 omnibus
999 1812 1064 1866 locis
1082 1813 1109 1864 in
1129 1811 1224 1882 quibus
1242 1811 1401 1864 crediderint
1418 1827 1475 1864 esse
1503 1811 1679 1865 necessarium
1698 1825 1726 1865 et

557 1901 623 1954 utile
640 1903 673 1954 ad
692 1902 840 1954 custodiam
853 1902 984 1955 dictorum
999 1917 1140 1954 nemorum
1155 1911 1181 1952 et
1194 1912 1332 1953 sortarum.
1346 1901 1388 1970 (1)
1401 1913 1427 1952 et
1439 1899 1511 1970 quod
1524 1900 1586 1953 dicti
1596 1899 1723 1970 forestarii

556 2006 612 2042 non
631 1989 745 2042 debeant
763 1990 860 2042 intrare
878 1989 993 2060 placium
1012 1988 1126 2060 bugelle.
1145 1989 1178 2041 ab
1196 2001 1256 2041 ortu
1275 1988 1337 2042 solis
1356 2005 1439 2060 usque
1457 1989 1490 2042 ad
1508 2005 1625 2042 ocasum.
1638 1988 1725 2060 aliqua

558 2078 601 2132 die
619 2077 757 2131 dominico
775 2093 824 2129 nec
843 2078 893 2130 die.
910 2075 991 2146 Jouis.
1011 2090 1037 2130 et
1055 2077 1100 2147 qui
1114 2089 1204 2130 contra
1219 2076 1308 2130 fecerit
1320 2075 1406 2130 soluat
1419 2077 1537 2130 bannum
1550 2093 1597 2146 pro
1607 2077 1726 2147 quolibet

557 2179 583 2218 et
596 2165 712 2235 qualibet
721 2165 764 2217 die
774 2162 821 2217 sol.
832 2164 864 2217 X.
880 2181 920 2238 pp.
931 2177 957 2217 et
967 2164 1038 2235 quod
1049 2164 1124 2216 dictis
1134 2165 1237 2220 duobus
1256 2166 1348 2218 diebus
1366 2175 1505 2218 teneantur
1513 2175 1581 2218 stare
1590 2165 1623 2218 ad
1632 2177 1724 2218 custo-

556 2253 629 2306 diam
642 2269 784 2305 nemorum
797 2253 931 2306 continue.
945 2265 971 2305 et
983 2264 1123 2305 teneantur
1136 2269 1235 2323 ponere
1253 2253 1400 2307 custodiam
1419 2253 1550 2322 priuatam
1562 2253 1608 2323 qui
1620 2264 1724 2307 accuset

555 2341 705 2396 forestarios
714 2341 866 2411 recipiendo
878 2341 1032 2410 peccuniam
1051 2341 1094 2394 uel
1108 2341 1179 2396 aliud
1192 2360 1207 2395 a
1220 2342 1375 2396 ducentibus
1387 2341 1431 2395 uel
1444 2340 1607 2411 ponentibus
1619 2357 1724 2396 nemus.

594 2497 651 2550 174.
670 2483 713 2552 (2)
722 2482 790 2535 ltem
800 2493 927 2535 statutum
937 2495 976 2536 est
985 2483 1056 2552 quod
1069 2483 1190 2537 consules
1203 2495 1342 2537 teneantur
1359 2483 1435 2538 omni
1447 2500 1520 2538 anno
1532 2499 1631 2553 poam
1640 2499 1725 2538 vnum

555 2570 693 2624 custodem
713 2571 845 2641 priuatum
864 2587 941 2640 super
960 2571 1107 2624 custodiam
1126 2587 1277 2625 nemorum.
1296 2573 1342 2642 qui
1354 2573 1423 2643 juret
1432 2572 1563 2626 custodire
1575 2587 1686 2625 nemora
1699 2585 1726 2626 et

555 2675 676 2712 accusare
694 2660 781 2712 banna
800 2677 851 2731 que
870 2671 1025 2729 ruperentur
1043 2660 1071 2713 in
1090 2661 1244 2714 nemoribus
1262 2660 1306 2714 uel
1318 2661 1388 2714 alibi.
1400 2661 1486 2713 ubim
1497 2659 1622 2730 reperiret
1642 2659 1722 2712 stacta

555 2748 701 2801 secundum
721 2746 834 2802 sormam
853 2748 967 2801 aliorum
985 2759 1144 2802 statutorum
1163 2761 1189 2801 et
1207 2761 1346 2802 teneantur
1364 2749 1485 2802 consules
1503 2749 1579 2802 omni
1591 2764 1663 2802 anno
1682 2747 1724 2800 fa-

554 2853 612 2890 cere
631 2836 756 2888 recercari
775 2837 866 2890 omnia
888 2853 998 2890 nemora
1017 2853 1062 2906 per
1080 2837 1147 2890 duos
1166 2838 1252 2891 bonos
1269 2837 1394 2891 homines
1413 2855 1459 2908 per
1468 2853 1514 2890 eos
1526 2836 1631 2890 electos
1641 2837 1724 2890 tribus

555 2923 657 2976 uicibus
677 2923 705 2977 in
724 2940 796 2978 anno
814 2937 893 2993 prout
911 2925 987 2978 dictis
1005 2925 1158 2978 consulibus
1177 2925 1310 2978 uidebitur
1328 2926 1457 2996 expedire.

687 3145 691 3148 ·
725 3117 773 3171 DE
792 3117 908 3172 LUDIS.
928 3117 1140 3173 LUSORIBUS.
1159 3117 1207 3172 ET
1226 3117 1401 3173 BALNITIS.
1421 3149 1453 3158 -
1473 3117 1505 3172 R.
1523 3119 1556 3172 X.

593 3310 650 3365 175.
673 3295 806 3349 Statutum
825 3307 851 3348 et
869 3296 1023 3349 ordinatum
1041 3307 1080 3349 est
1099 3295 1171 3366 quod
1189 3296 1234 3366 qui
1254 3294 1358 3349 lusserit
1370 3295 1402 3349 ad
1415 3295 1532 3366 aliquem
1545 3294 1638 3350 ludum
1652 3296 1725 3350 taxil-

556 3385 651 3440 lorum.
672 3395 842 3438 scacetorum.
862 3384 980 3437 Riaaete
1000 3383 1044 3436 uel
1062 3383 1125 3437 bilie
1143 3385 1170 3437 in
1189 3384 1299 3454 poderio
1317 3383 1430 3455 bugelle.
1447 3400 1495 3436 nec
1513 3385 1546 3438 ab
1558 3383 1723 3438 Elcuocitra.

555 3491 637 3527 neca
658 3471 800 3542 campanili
819 3470 942 3525 borriane
960 3472 1031 3524 citra.
1050 3488 1100 3525 nec
1118 3489 1133 3524 a
1152 3472 1293 3544 campanili
1311 3471 1451 3526 candiliani
1470 3471 1541 3526 citra.
1560 3489 1611 3526 nec
1628 3489 1724 3526 acam-

555 3561 636 3632 panili
657 3560 740 3614 sancti
759 3559 883 3629 laurencii
904 3559 938 3612 de
967 3559 1078 3612 candeio
1105 3560 1176 3613 citra.
1205 3576 1254 3613 nec
1282 3561 1315 3613 ab
1333 3559 1441 3614 ecclesia
1468 3572 1558 3614 mnne
1584 3561 1667 3614 Marie
1691 3561 1724 3614 de

555 3649 673 3703 auiliano
692 3649 762 3701 citra.
782 3664 831 3701 nec
849 3649 882 3701 ab
901 3646 1010 3700 ecclesia
1028 3648 1133 3702 Ronchi
1152 3649 1224 3702 citra.
1243 3665 1292 3702 nec
1310 3651 1343 3703 ab
1361 3647 1469 3703 ecclesia
1496 3650 1633 3721 pitenengi
1651 3651 1723 3704 citra

555 3755 605 3792 nec
623 3739 655 3792 ab
674 3737 782 3790 ecclesia
801 3737 883 3790 sancti
912 3736 1036 3807 laurencii
1066 3737 1099 3790 de
1117 3736 1238 3791 andumo
1256 3738 1327 3791 citra
1353 3755 1402 3792 nec
1420 3756 1467 3808 per
1483 3749 1587 3792 tantum
1605 3740 1723 3810 spacium

556 3843 636 3896 prope
654 3825 815 3879 territorium
835 3823 940 3896 bugelle
958 3823 1115 3879 diffiniendo
1134 3842 1179 3895 per
1197 3837 1296 3880 rectam
1314 3826 1412 3880 lineam
1425 3845 1441 3880 a
1454 3825 1572 3897 quolibet
1581 3827 1722 3898 campanili

555 3929 604 3966 nec
622 3913 707 3966 eciam
724 3913 770 3982 qui
790 3913 929 3982 prestiterit
948 3913 1061 3966 tenuerit
1080 3914 1164 3966 menti
1182 3912 1374 3968 illuminauerit
1392 3915 1569 3985 supersteterit
1581 3915 1624 3969 uel
1638 3933 1683 3986 per
1695 3933 1724 3970 se

556 3999 611 4052 ludi
630 3999 726 4052 fecerit.
746 3999 789 4051 uel
807 4001 844 4052 ibi
862 4001 963 4054 dederit
977 3999 1133 4054 conscilium
1146 4001 1276 4055 auxilium
1287 4001 1330 4055 uel
1344 4001 1471 4056 fauorem.
1484 4019 1533 4057 nec
1545 4003 1723 4058 Indelucmm

556 4087 676 4141 habuerit
694 4088 737 4156 (1)
755 4099 810 4140 tam
829 4088 856 4141 in
876 4088 1002 4142 nundinis
1021 4089 1126 4160 bugelle
1152 4107 1233 4162 quam
1260 4107 1429 4162 quocumque
1459 4091 1512 4145 alio
1542 4103 1662 4162 ternpore
1679 4093 1723 4164 (r)

582 4261 614 4314 (η
628 4261 714 4314 Adiecto
728 4264 837 4316 posterior.

581 4333 614 4388 (a)
626 4330 693 4386 Cepit.
709 4333 748 4374 boc
762 4334 864 4387 posterius
878 4334 977 4386 additum,
992 4335 1050 4376 litera
1064 4335 1138 4376 initiali
1152 4335 1236 4377 mlniatt
1250 4347 1311 4377 caret.
