3926 5542
1393 573 1441 626 Ῐ47

281 685 364 739 lentes
382 683 434 754 Ipsi
452 681 556 738 domini
574 681 712 738 Clanarius
730 693 756 735 et
769 679 900 735 Consules
913 679 1077 750 Consciliarij
1094 695 1124 733 ac
1137 679 1307 750 Credendarij
1321 679 1443 734 comunis

280 771 391 843 bugeile
408 773 577 842 insequentes
595 769 709 823 fonnem
727 769 898 838 antiquorum
925 779 1083 821 statutorum
1110 767 1191 836 ipsius
1218 767 1269 820 loci
1288 767 1442 822 Staurernnt

280 861 471 916 ordinanernnt
488 869 514 911 et
533 857 742 911 reformanernnt
760 867 879 908 statuunt
896 855 1022 908 ordinant
1040 853 1184 907 reformant
1202 851 1398 924 declarantque
1417 867 1443 910 et

279 947 403 1000 limitans
423 945 504 1008 Quod
523 945 556 998 de
573 956 660 998 cetero
678 943 782 997 domini
800 953 940 1012 potestates
953 939 1061 1012 predicti
1074 939 1120 1010 qni
1133 956 1180 1010 pro
1192 951 1311 1009 ternpore
1332 953 1444 996 venturo

280 1046 358 1088 erunt
375 1044 515 1087 teneantur
532 1043 558 1086 et
576 1033 688 1086 debeant
705 1031 816 1084 durante
833 1042 891 1083 toto
910 1039 1029 1098 tempore
1047 1027 1109 1080 dicti
1128 1043 1222 1080 eorum
1235 1025 1314 1096 officii
1334 1039 1361 1080 et
1379 1029 1445 1098 regi-

280 1121 361 1175 minis
379 1121 477 1190 absque
489 1118 578 1190 sliquo
592 1117 732 1172 interuallo
746 1115 917 1188 personaliter
929 1115 1056 1168 rescidere
1067 1125 1135 1168 stare
1149 1127 1175 1168 et
1187 1113 1304 1168 habitare
1316 1131 1378 1168 cum
1390 1127 1445 1168 tota

280 1225 374 1263 eornm
392 1207 492 1261 familia
509 1207 538 1260 in
557 1207 627 1260 dicto
646 1205 706 1260 loco
725 1205 834 1276 lingelle
852 1220 901 1258 nec
919 1204 952 1256 ab
971 1203 1066 1256 eodem
1085 1203 1145 1256 loco
1158 1203 1277 1256 recedere
1295 1201 1345 1254 nisi
1359 1221 1391 1256 cs
1405 1219 1445 1256 nr·

279 1295 352 1366 genti
371 1305 397 1348 et
415 1291 559 1348 necessaria
577 1309 654 1345 cansa
672 1293 706 1345 de
723 1309 775 1362 qua
794 1291 930 1361 legiptime
949 1301 1050 1342 constet
1068 1301 1094 1342 et
1114 1289 1197 1342 iidem
1216 1287 1312 1342 iaciant
1328 1289 1445 1342 dominis

281 1381 405 1438 Clanarlo
423 1393 449 1434 et
473 1377 645 1435 Consullibns
663 1379 725 1434 dicti
744 1379 866 1432 comunis
885 1377 1002 1448 Bugella
1020 1377 1054 1431 Et
1071 1393 1104 1430 eo
1121 1393 1182 1430 casn
1195 1376 1291 1430 habere
1305 1377 1406 1446 possint
1418 1375 1446 1431 li·

280 1469 399 1523 cenciam
417 1467 445 1521 in
464 1467 600 1522 credentia
619 1465 741 1519 comunis
760 1465 868 1536 predicti
882 1464 1020 1518 recedendi
1032 1481 1048 1516 a
1059 1464 1130 1518 dicto
1143 1464 1204 1517 loco
1216 1463 1326 1534 Bngelle
1339 1475 1365 1518 et
1377 1463 1444 1518 illud

280 1555 442 1624 absentandi.
462 1555 500 1608 lta
518 1566 609 1610 tamen
627 1554 700 1624 quod
718 1569 773 1606 non
793 1554 894 1622 possint
912 1567 960 1606 nec
979 1551 1091 1604 debeant
1109 1564 1176 1604 stare
1201 1551 1321 1604 absentes
1339 1567 1354 1604 a
1374 1551 1445 1605 dicto

283 1643 345 1698 loco
364 1641 474 1712 Bugelle
491 1642 542 1694 nisi
561 1641 653 1694 diebus
671 1639 824 1710 quindecim
842 1641 953 1693 durante
970 1650 1028 1692 toto
1041 1651 1160 1708 ternpore
1172 1637 1235 1691 dicti
1248 1653 1342 1692 eornm
1355 1637 1445 1708 officii.

284 1731 357 1785 Etsi
376 1744 466 1784 eontra
485 1729 599 1784 lorrnatn
617 1731 743 1800 presentis
761 1729 849 1782 statuti
869 1727 1034 1796 contingeret
1061 1728 1145 1780 dictos
1163 1727 1287 1780 dominos
1305 1739 1445 1796 potestates

283 1820 421 1874 absentare
439 1831 465 1872 et
483 1819 602 1872 absentes
620 1829 687 1871 stare
705 1835 720 1870 a
739 1817 809 1870 dicto
836 1815 897 1869 loco
924 1815 1030 1884 bugelle
1047 1814 1113 1868 vltra
1143 1815 1199 1868 dies
1227 1814 1356 1885 predictos
1374 1815 1446 1884 qnod

283 1919 347 1960 tnnc
365 1917 392 1960 et
411 1921 444 1959 eo
463 1921 524 1958 casn
543 1921 598 1958 non
617 1905 718 1974 possint
736 1921 785 1957 nec
803 1903 916 1958 debeant
929 1903 1026 1956 habere
1038 1901 1204 1955 solucionem
1218 1918 1312 1956 eornm
1323 1902 1445 1972 stipendii

282 2005 309 2047 et
327 1991 413 2064 saladi
434 2009 481 2063 pro
501 2005 555 2046 rata
573 1993 700 2062 temporis
718 2007 772 2063 quo
790 1993 896 2044 stabunt
914 1991 1033 2044 absentes
1051 2007 1066 2044 a
1085 1991 1155 2044 dicto
1174 1990 1234 2042 loco
1252 1989 1363 2060 Bngelle
1380 2001 1406 2044 et
1418 1989 1446 2042 in

282 2081 378 2136 eodem
396 2097 452 2134 non
470 2080 636 2134 rescidebnnt
649 2079 780 2150 qninyruo
799 2079 870 2132 dicto
888 2091 1008 2148 tempore
1026 2079 1146 2132 absencie
1164 2077 1278 2148 predicte
1289 2077 1341 2131 sint
1353 2090 1379 2130 et
1391 2093 1447 2132 esse

282 2168 394 2223 debeant
412 2167 469 2238 ipso
488 2169 544 2238 jure
562 2179 589 2221 et
607 2165 790 2236 fictoprinati
809 2183 903 2220 eornm
922 2165 1016 2220 salario
1045 2165 1161 2236 predicto
1188 2164 1335 2219 secundnm
1363 2177 1446 2218 ratam

283 2255 409 2325 temporis
427 2255 548 2308 absencie
566 2255 688 2324 predicte.
708 2255 741 2308 Et
760 2253 863 2307 domini
883 2253 1021 2306 Clanarius
1049 2268 1154 2323 presens
1172 2263 1198 2304 et
1216 2250 1296 2304 futuri
1315 2251 1377 2306 dicti
1396 2267 1445 2304 co-

282 2343 371 2396 munis
390 2358 445 2396 non
465 2343 578 2395 debeant
596 2357 645 2394 nec
664 2343 765 2412 possint
783 2342 859 2394 dictis
877 2339 993 2394 dominis
1012 2339 1183 2410 potestatibus
1210 2339 1314 2392 soluere
1331 2351 1358 2392 et
1376 2339 1448 2393 satis·

283 2429 366 2484 lacere
385 2429 518 2484 saliarium
537 2445 584 2500 pro
604 2441 657 2482 rata
676 2430 802 2500 temporis
821 2429 890 2482 dicte
908 2427 1029 2481 absentie
1040 2440 1067 2480 et
1079 2427 1101 2480 si
1114 2425 1314 2480 connnfecetint
1334 2425 1383 2496 ipsi
1402 2428 1446 2481 do

283 2518 350 2572 mini
369 2517 506 2572 Clanarius
525 2535 630 2589 presens
643 2529 668 2570 et
679 2517 758 2572 futuri
777 2533 871 2571 eornm
891 2517 1064 2570 rationatores
1083 2531 1137 2568 non
1152 2515 1253 2584 possint
1266 2531 1315 2567 nec
1333 2515 1445 2568 debeant

283 2606 462 2677 quonismodo
481 2605 576 2660 intrare
594 2621 640 2658 sen
659 2605 771 2658 allocare
790 2603 818 2658 in
837 2605 982 2656 rationibus
995 2605 1113 2672 ipsorum
1125 2602 1298 2656 dominorum
1311 2601 1446 2656 Clanariu-

283 2709 343 2746 rnm
362 2693 500 2764 peccunias
517 2709 582 2764 quas
601 2693 649 2762 ipsi
668 2691 770 2746 domini
790 2691 895 2760 clauart'j
917 2690 992 2743 dictis
1010 2689 1127 2744 dominis
1146 2689 1317 2759 potestatibus
1330 2705 1377 2758 pro
1391 2701 1444 2742 rata

283 2781 410 2850 temporis
427 2781 495 2834 dicte
513 2779 629 2832 absentie
648 2779 750 2832 soluere
769 2781 906 2849 continget
924 2791 1015 2831 contra
1034 2775 1147 2830 formam
1159 2776 1284 2846 presentis
1303 2776 1391 2830 statuti
1404 2793 1444 2830 or·

284 2867 431 2921 riinacionis
449 2867 635 2921 declaraciouis
653 2865 823 2920 lirrtitacionis
840 2879 867 2920 et
880 2865 1077 2919 reformationis
1090 2865 1212 2934 predicte
1225 2863 1307 2926 Quod
1320 2875 1447 2918 statutum

285 2955 428 3024 disponunt
446 2967 472 3007 et
490 2966 607 3007 statuunt
626 2971 682 3008 esse
700 2955 842 3008 tronchnm
855 2967 880 3007 et
896 2955 1025 3024 precisum
1044 2965 1070 3006 et
1089 2969 1134 3022 per
1153 2951 1253 3004 futuros
1266 2951 1390 3028 dominos
1403 2969 1447 3023 po·

286 3053 390 3094 testates
408 3053 476 3094 terre
493 3041 599 3110 bugelle
616 3041 662 3112 qni
681 3058 728 3111 pro
747 3055 865 3110 ternpore
884 3040 981 3094 luerint
999 3057 1029 3093 ac
1049 3057 1094 3109 per
1112 3041 1236 3092 dominos
1266 3039 1403 3093 Clanarius
1422 3053 1448 3093 et

285 3127 406 3180 consules
425 3144 454 3180 ac
473 3129 664 3180 comoditatem
684 3128 793 3196 Bngelle
812 3145 859 3198 pro
878 3127 991 3180 tronclto
1009 3139 1035 3178 et
1055 3127 1154 3196 preciso
1173 3144 1202 3179 ac
1222 3127 1280 3198 lege
1294 3127 1447 3196 municipali

285 3215 347 3268 dicti
367 3213 416 3268 loci
436 3215 530 3268 debere
548 3227 674 3285 perpetuo
691 3217 833 3284 obseruari.
854 3216 909 3268 Nec
928 3231 1004 3284 posse
1022 3213 1079 3267 tolli
1093 3213 1201 3282 infringi
1213 3213 1309 3284 jrritari
1324 3213 1446 3282 suspendi

285 3317 334 3355 nec
352 3301 494 3372 dispensari
514 3301 564 3354 nisi
583 3301 617 3356 de
635 3319 764 3356 consensu
783 3302 867 3356 tocius
886 3302 1056 3354 comunitan's
1074 3301 1183 3370 bugella·
1201 3315 1227 3355 et
1255 3301 1447 3370 interueniente

285 3405 414 3442 consensu
434 3405 555 3458 expresso
574 3389 698 3442 omniurn
717 3389 947 3442 credendariorum
968 3389 1030 3442 dicti
1050 3389 1102 3442 loci
1120 3405 1185 3460 ymo
1214 3389 1300 3459 ipsum
1319 3399 1446 3441 statutum

285 3477 486 3530 ordinacionem
496 3475 706 3530 declarationem
720 3476 910 3530 limitationem
925 3489 951 3530 et
962 3477 1182 3531 resumtacionctn
1194 3495 1239 3548 per
1249 3476 1447 3547 prenominatos

284 3581 314 3618 ac
334 3563 448 3618 futuram
468 3565 646 3634 posteritatem
664 3577 690 3618 et
708 3582 776 3635 quos
794 3567 886 3619 attinet
905 3577 931 3620 et
949 3565 976 3619 in
996 3569 1113 3618 loturum
1127 3565 1252 3636 spectabit
1265 3577 1390 3636 perpetuo
1403 3565 1448 3618 ob·

285 3653 383 3706 seruari
402 3653 496 3706 debere
514 3652 601 3706 modis
620 3665 646 3706 et
665 3651 756 3706 formis
775 3651 874 3724 inipso
887 3655 1026 3708 contentis
1040 3653 1201 3708 Ordinantes
1214 3665 1348 3724 propterea
1361 3653 1447 3722 ipsunt

285 3753 413 3794 statutum
432 3740 568 3812 ipsamque
586 3740 786 3794 ordinacionem
805 3742 1014 3796 declarationem
1043 3741 1234 3795 limitationem
1263 3753 1290 3794 et
1317 3739 1446 3794 relornta-

286 3827 391 3882 cionem
410 3845 455 3898 per
476 3845 519 3882 sne
538 3829 671 3882 notarium
690 3829 883 3899 infrascriptum
902 3843 927 3882 et
945 3831 1057 3882 scribam
1076 3829 1156 3884 Curis
1175 3829 1237 3882 dicti
1257 3828 1388 3882 Cornutus
1406 3829 1448 3882 de·

286 3916 346 3969 bere
365 3915 524 3986 incorporari
544 3927 570 3968 et
588 3915 698 3969 describi
717 3927 744 3968 nt
762 3917 922 3986 premittitur
940 3919 967 3986 jn
987 3917 1099 3986 presenti
1119 3915 1186 3970 libro
1205 3927 1363 3970 statutorum
1382 3915 1446 3970 dicti

285 4004 409 4058 comunis
426 4015 453 4057 et
470 4003 652 4058 sacramentali
673 4003 827 4074 Spectabilis
845 4003 949 4058 domini
968 4005 1110 4076 potestatis

321 4125 497 4198 Pracipientes
515 4143 567 4196 que
585 4125 633 4196 lpsi
652 4125 742 4197 prelati
762 4127 865 4181 domini
884 4125 1022 4181 Chnarins
1041 4139 1067 4180 ct
1085 4125 1207 4180 consules
1237 4141 1268 4180 ac
1285 4127 1445 4198 credendarij

287 4229 380 4267 eornm
400 4213 511 4268 nomine
528 4225 554 4267 et
572 4213 641 4266 dicte
660 4215 829 4268 comunitatis
848 4215 881 4268 de
899 4214 1031 4285 premissis
1049 4214 1175 4266 omnibus
1192 4225 1218 4267 et
1237 4213 1348 4284 singulis
1367 4213 1448 4284 publi·

287 4317 349 4354 curn
369 4301 423 4354 lieri
442 4303 648 4355 instrumentum
667 4317 713 4372 per
730 4319 774 4354 me
793 4303 847 4371 jarn
865 4301 965 4355 dictum
984 4301 1118 4356 notarium
1131 4313 1157 4354 et
1169 4301 1280 4354 scribam
1293 4299 1374 4356 Cnrie
1386 4301 1447 4356 dicti

288 4387 412 4442 comunis
425 4389 609 4460 subsignatum
630 4390 793 4460 presentibus
811 4389 939 4445 Mauricio
951 4389 1115 4444 clouatherio
1127 4401 1153 4442 et
1166 4389 1317 4461 Augustino
1329 4389 1362 4442 de
1375 4405 1449 4443 mon·
