3978 5546
1404 485 1434 528 21

274 597 392 652 bennum
410 595 479 651 sicut
496 594 540 667 eiij
560 595 693 654 homines
712 607 896 668 preterquam
915 595 949 650 de
966 594 1019 651 iliis
1036 595 1070 650 de
1087 595 1183 668 quibus
1201 607 1310 666 possunt
1328 596 1391 650 dure
1408 597 1442 650 li·

273 684 394 740 cenciam
412 683 480 749 eliis,
498 695 525 739 et
542 683 576 738 de
594 683 647 740 hiis
665 699 721 740 nou
739 695 887 740 teneantur.

312 857 369 912 ¹07·
387 842 455 898 Item
474 854 602 897 statutum
620 855 659 898 est
676 842 750 914 quod
768 843 789 898 si
808 843 901 898 consui
921 841 964 898 uei
984 843 1122 898 clautrius
1135 842 1176 898 vel
1189 842 1255 898 alter
1266 841 1386 898 officialis
1397 842 1442 897 de·

276 931 344 986 derit
361 930 479 1002 aliquam
497 931 636 986 licenciam
655 930 735 986 alicui
752 949 805 1002 que
822 933 857 986 sit
875 931 1015 1003 prohybits
1033 931 1061 986 in
1079 943 1186 986 sumto.
1214 931 1302 986 soluat
1320 933 1440 985 bannum

274 1020 345 1090 quod
363 1019 470 1074 deberet
486 1018 591 1074 soluere
617 1017 663 1072 ille
688 1020 735 1090 qui
763 1017 881 1090 fregisset
907 1035 979 1074 eum.
998 1019 1032 1074 Et
1049 1019 1151 1074 nullam
1172 1020 1254 1092 possit
1271 1019 1368 1076 habere
1385 1035 1442 1090 grt-

273 1108 339 1162 tism
356 1107 390 1162 de
408 1105 538 1178 predictis.

313 1267 370 1320 108.
388 1267 456 1320 Item
474 1277 602 1320 statutum
621 1266 750 1336 estquod
768 1265 863 1337 uliquis
886 1267 932 1338 qui
950 1266 985 1320 sit
1011 1265 1131 1321 officialis
1157 1267 1280 1321 comunis
1298 1283 1351 1320 vno
1369 1283 1441 1320 anno

253 1373 256 1378 ·
275 1371 330 1410 nou
347 1355 382 1412 sit
397 1353 522 1410 officiatis
539 1353 651 1410 alicuius
669 1353 713 1422 (1)
731 1353 812 1426 officij
832 1353 900 1409 inira
917 1365 1032 1426 quattuor
1043 1355 1188 1424 (nunnus.
1199 1356 1243 1424 (t)
1253 1355 1336 1418 Quod
1345 1353 1440 1426 uliquis

275 1443 321 1514 qui
338 1443 373 1498 sit
390 1442 433 1498 uel
452 1442 530 1498 fuerit
548 1442 670 1500 officiuis
688 1441 811 1496 comunis
829 1459 883 1496 vno
901 1459 974 1496 suno
993 1444 1095 1498 nonsit
1107 1443 1346 1498 officielisuiicuius
1358 1441 1439 1512 officii

276 1529 342 1586 inim
359 1543 473 1602 qustuor
490 1547 576 1586 sunus
593 1543 621 1586 et
638 1547 694 1586 non
713 1531 795 1602 possit
812 1531 914 1586 dietum
926 1543 1056 1586 stamnum
1069 1531 1234 1602 aliquatenus
1246 1529 1389 1602 dispensari
1399 1530 1442 1599 (2)

276 1631 360 1690 preter
377 1619 518 1674 seruitores
535 1619 582 1690 qui
601 1619 702 1690 possint
719 1637 777 1674 esse
795 1631 905 1689 excepto
926 1620 1053 1688 [secundo
1071 1619 1115 1689 (3)
1133 1621 1225 1688 annul.
1237 1615 1290 1692 'qui
1303 1619 1443 1672 seruiturus

275 1723 378 1778 semper
395 1719 422 1762 et
438 1707 678 1778 quotienscumque
696 1719 783 1762 essent
799 1707 985 1762 inobedientes
1012 1707 1165 1762 consulibus
1191 1707 1292 1778 possint
1311 1705 1443 1761 remoueri

276 1811 322 1866 per
338 1795 460 1850 eonsules
478 1811 540 1850 cum
558 1795 686 1850 conscilio
704 1795 831 1850 conscilii

313 1967 370 2024 rou
389 1953 456 2008 item
474 1965 603 2008 stetutmn
614 1965 655 2008 ert
672 1955 744 2026 quod
763 1953 852 2010 nullus
871 1953 917 2026 qui
929 1954 964 2008 sit
974 1955 1088 2010 seruitor
1097 1955 1221 2010 comunis
1234 1953 1340 2026 bugelle
1349 1954 1444 2008 debeat

276 2057 326 2095 nee
342 2042 425 2112 pouit
443 2041 539 2096 bebere
555 2041 664 2114 aliquod
693 2041 812 2098 officium
839 2042 890 2098 nisi
909 2041 975 2098 illud
993 2059 1042 2114 pro
1060 2041 1108 2098 illo
1126 2060 1199 2099 tuno
1216 2055 1244 2097 et
1261 2043 1295 2096 de
1313 2057 1368 2114 quo
1387 2059 1442 2096 non

278 2129 379 2200 possint
396 2129 547 2201 duperrsrn.

315 2284 371 2324 110.
390 2271 458 2324 Item
476 2283 604 2326 statutum
622 2283 662 2326 est
680 2272 752 2344 quod
769 2271 865 2344 aliquis
883 2272 1040 2344 Campatius
1056 2285 1103 2328 tut
1115 2271 1444 2328 Foresturiusuundebett

275 2371 365 2415 tenere
383 2357 500 2430 aliquam
518 2376 610 2432 tyrum
629 2361 656 2414 in
676 2360 789 2432 bugellu
808 2377 857 2415 nec
875 2373 947 2416 extre
966 2360 1108 2434 bugellrm.
1138 2361 1172 2414 Et
1189 2361 1235 2432 qui
1263 2359 1445 2416 conuaieeerit

276 2447 369 2504 tmittt
385 2447 505 2504 officium
522 2465 611 2504 suum.
638 2461 664 2504 et
682 2449 755 2521 quod
781 2465 837 2504 non
868 2449 969 2520 possint
995 2461 1085 2506 tmere
1111 2449 1212 2522 eliques
1239 2449 1334 2504 bestius
1360 2459 1445 2520 preter

278 2535 570 2610 mosacum

315 2691 373 2730 rtr.
392 2676 459 2730 Item
476 2689 605 2732 statutum
623 2679 752 2750 estquod
772 2677 906 2750 Camparij
927 2695 1083 2752 camporum
1102 2693 1157 2734 non
1170 2679 1283 2734 debeant
1300 2677 1397 2732 intrrre
1416 2676 1443 2730 in

278 2763 363 2818 uineis
380 2781 395 2818 a
414 2777 505 2820 sancto
523 2766 631 2820 eusebio
650 2783 733 2837 usque
759 2767 792 2820 td
821 2767 978 2822 uindemias.
1007 2767 1040 2822 Et
1068 2767 1088 2820 si
1117 2765 1318 2821 contrafecerint
1337 2765 1443 2818 soluant

278 2851 396 2908 brunum
412 2853 482 2908 siat
499 2854 543 2924 eiij
568 2853 693 2910 homines
710 2854 744 2908 de
762 2853 876 2926 bugella„
894 2855 928 2908 Et
945 2855 1018 2926 quod
1037 2871 1092 2910 uon
1111 2854 1216 2924 capiant
1228 2853 1397 2924 carnpnum
1416 2851 1444 2904 in

277 2941 376 3010 campis
393 2957 443 2996 uec
461 2942 489 2996 in
508 2943 594 2997 uineis
613 2941 705 3013 aliquo
724 2943 806 2996 modo
824 2943 882 2996 siue
901 2941 993 2998 torma.
1013 2943 1059 2996 Set
1076 2955 1217 2998 teneantur
1233 2961 1266 2996 ex
1280 2951 1446 2996 sacrumento

279 3029 369 3084 uenire
386 3043 492 3101 ceptum
511 3031 545 3084 td
563 3031 675 3086 domum
693 3029 802 3085 illorum
821 3031 867 3102 qui
886 3031 1145 3086 eisduredebebunt.
1158 3043 1185 3085 et
1198 3046 1254 3084 non
1267 3029 1338 3084 tlibi.
1348 3041 1446 3082 etcon·

278 3117 347 3170 sules
364 3129 503 3172 teneantur
521 3117 604 3174 facere
622 3119 660 3174 eis
679 3119 743 3174 duri.
762 3119 795 3174 Et
813 3119 860 3190 qui
879 3119 1068 3174 contrtieterit
1087 3119 1175 3174 soluat
1193 3119 1312 3178 btuuuru
1325 3117 1374 3172 sol.
1387 3115 1445 3170 XX.

279 3223 320 3276 pp.
339 3219 365 3260 et
384 3207 521 3276 perueniat
537 3207 565 3260 in
584 3223 651 3278 pena
671 3207 768 3260 statuti.
787 3220 814 3260 et
832 3207 897 3260 iilud
917 3209 1036 3262 bennum
1056 3207 1142 3261 soluat
1161 3207 1207 3277 qui
1225 3207 1263 3260 eis
1281 3205 1385 3260 duxerit
1403 3203 1446 3258 uel

279 3295 421 3364 putauerit
439 3295 482 3362 (4)
500 3308 527 3349 et
544 3295 590 3366 qui
608 3295 647 3348 eis
664 3295 766 3350 dederit
782 3295 873 3367 aliquo
891 3295 969 3349 titulo
984 3296 1036 3366 (4).
1049 3309 1075 3350 et
1088 3307 1227 3349 tenantur
1239 3295 1335 3348 habere
1347 3293 1446 3348 dietum

278 3383 438 3453 esmpurirm
457 3383 525 3436 sicut
541 3395 603 3437 sunt
621 3395 748 3438 consuete
766 3383 862 3438 habere
881 3384 908 3437 in
929 3385 1016 3454 campi
1035 3397 1062 3437 et
1080 3383 1163 3436 vineis
1182 3383 1225 3450 (5)
1244 3383 1277 3435 Et
1295 3381 1347 3434 hoc
1365 3379 1448 3432 decla·

279 3481 349 3522 retur
366 3469 394 3524 in
413 3487 507 3524 eorum
525 3485 689 3526 sacramento
707 3471 815 3542 quando
836 3471 924 3525 iurant
941 3471 1061 3526 officium
1079 3472 1109 3524 in
1128 3468 1259 3524 credentis
1277 3468 1328 3538 (5).

316 3643 374 3686 rra.
387 3629 455 3686 Item
473 3641 601 3686 statuum
619 3643 665 3685 est
684 3632 757 3702 quod
775 3631 899 3702 ctmpnrij
920 3645 1076 3702 campomm
1103 3629 1217 3682 debeant
1235 3639 1321 3682 actare
1339 3625 1393 3679 virs
1413 3625 1446 3680 de

278 3717 378 3788 campis
396 3735 442 3788 per
459 3731 546 3774 totum
564 3735 675 3774 rutrum.
694 3721 743 3774 sub
762 3719 856 3774 Benno
874 3719 940 3774 sold,
953 3719 986 3774 Χ.
1006 3735 1048 3789 pp.
1061 3731 1087 3771 er
1100 3733 1154 3772 non
1168 3718 1279 3772 debeant
1290 3717 1327 3770 ire
1340 3727 1446 3786 ceptrum

279 3821 344 3862 uuus
362 3822 411 3862 uec
428 3807 519 3862 erbum
537 3823 587 3862 nec
604 3806 706 3880 aliquid
724 3807 795 3862 uliud
814 3807 842 3862 in
861 3807 954 3862 uineis.
973 3807 1031 3862 sine
1049 3805 1161 3860 licencia
1189 3805 1259 3858 iilius
1277 3805 1352 3858 cuius
1371 3803 1448 3858 suerit

304 4015 334 4066 dt)
348 4015 429 4058 verite:
444 4017 527 4059 difinias
541 4027 560 4058 et
574 4025 663 4072 qut-or:
678 4017 764 4058 eliorum
778 4017 885 4058 verborum
900 4015 948 4058 loeo
962 4029 1013 4071 quse
1028 4015 1093 4056 deletu
1109 4025 1164 4064 suut,
1179 4015 1273 4056 videntur
1287 4013 1447 4056 fuissem..

307 4087 334 4138 (a)
351 4089 378 4140 (t)
394 4087 522 4129 verissime
537 4091 638 4140 posterius
653 4091 735 4142 scripte,
750 4101 772 4129 te
787 4103 822 4142 per
836 4091 917 4141 signum
938 4089 1034 4128 ednotutt
1049 4097 1103 4126 runt,

307 4157 334 4208 (ti
350 4157 413 4212 Supra
428 4159 495 4206 verbu,
510 4161 623 4212 purentheti
639 4159 756 4208 intertium,
768 4163 864 4213 scriptum
879 4169 925 4199 ett:
940 4169 1001 4198 rufat.

307 4229 335 4278 (ti
350 4227 384 4280 (4)
397 4229 462 4270 Vah
476 4229 542 4270 mito
556 4239 603 4283 post
617 4231 702 4280 sdieets.

305 4299 338 4352 (s)
352 4301 383 4352 (t)
397 4297 463 4340 vm
476 4297 582 4354 nuquam
597 4310 644 4353 rou
659 4301 744 4352 “im
