3918 5554
532 559 584 612 ²44

529 669 603 733 taria,
621 669 655 722 Et
672 669 718 741 qui
736 667 918 724 contrafecerit
935 669 1022 724 soluat
1040 687 1088 741 pro
1106 671 1227 742 quolibet
1244 683 1271 727 et
1297 671 1416 743 qualibet
1445 673 1505 727 uice
1534 673 1635 728 solidos
1661 673 1695 727 X.

530 757 704 826 papiensium.
722 757 756 810 Bt
774 757 885 827 quilibet
902 769 1023 812 teneanrr
1040 759 1180 812 obseruare
1198 775 1341 829 persuum
1358 772 1562 815 samamentunn
1581 761 1633 830 (1).

567 929 607 968 ro.
626 915 695 969 Item
712 917 785 987 quod
803 916 893 972 nullus
911 919 1005 972 debeat
1031 917 1157 990 affaytare
1183 919 1291 991 aliquod
1320 919 1439 974 Coreum
1465 919 1546 974 alicui
1572 931 1696 974 extrame

529 1019 641 1073 persone
659 1003 710 1057 nisi
729 1005 838 1060 haberet
856 1007 1026 1060 medietatem
1045 1008 1108 1061 dicti
1121 1009 1201 1063 Corei
1219 1025 1267 1079 pro
1281 1007 1443 1079 affaytatura
1453 1009 1487 1062 Et
1495 1007 1567 1079 quod
1577 1008 1696 1062 Coreurn

529 1091 623 1145 debeat
640 1092 725 1145 diuidi
743 1109 790 1162 per
807 1110 933 1165 scapnam
951 1096 979 1148 in
998 1097 1134 1165 precencia
1151 1096 1263 1150 alicuius
1281 1096 1417 1150 Consulus
1435 1096 1559 1166 Collegij.
1587 1096 1621 1149 Et
1650 1095 1696 1166 qui

529 1178 711 1233 contrafecerit
728 1179 816 1236 soluat
834 1199 882 1252 pro
900 1182 1020 1253 quolibet
1037 1195 1064 1237 et
1082 1185 1199 1254 qualibet
1217 1184 1276 1238 uice
1294 1184 1394 1238 solidos
1412 1184 1445 1238 V.
1476 1184 1642 1255 papiensium
1670 1196 1696 1236 et

527 1266 639 1338 quilibet
656 1280 776 1322 teneatur
794 1270 933 1324 obseruare
951 1287 1094 1340 persuum
1112 1285 1315 1326 sacramentum
1412 1333 1419 1343 ,

567 1439 607 1478 tt.
626 1425 694 1478 Item
713 1427 785 1496 quod
803 1426 892 1480 nullus
911 1428 1005 1480 debeat
1023 1428 1118 1482 docere
1136 1428 1255 1482 officium
1265 1428 1403 1500 Calegarie
1416 1427 1495 1483 alicui
1508 1441 1631 1482 extranee
1642 1445 1697 1500 per·

528 1527 595 1566 sone
612 1513 647 1565 Et
666 1513 712 1583 qui
731 1513 913 1568 contrafecerit
930 1515 1018 1569 soluat
1036 1517 1154 1570 bannum
1174 1533 1222 1586 pro
1240 1517 1359 1588 quolibet
1377 1517 1421 1571 die
1438 1533 1493 1588 quo
1505 1517 1624 1570 docuerit
1636 1517 1697 1570 soli-

529 1599 625 1653 dorum
644 1599 676 1653 V.
696 1601 871 1670 papiensium,
889 1601 947 1656 Nisi
974 1603 1118 1656 lucraretur
1143 1603 1301 1674 imperiales,
1326 1603 1410 1675 lllJ.⁰r
1437 1621 1485 1674 pro
1512 1604 1555 1657 die
1580 1606 1696 1659 tenendo

528 1687 617 1756 ipsum
635 1703 681 1758 per
697 1687 782 1759 IllJ.⁰r
800 1689 864 1742 dies.
883 1690 980 1744 ultrum
998 1691 1080 1760 possit
1097 1690 1193 1744 lucrari
1210 1691 1369 1762 imperiales,
1387 1691 1471 1763 IIIJ.or
1489 1692 1517 1744 in
1536 1692 1587 1745 die
1606 1692 1640 1746 Et
1649 1693 1695 1763 qui

529 1790 585 1828 non
603 1775 637 1828 sit
654 1776 688 1829 dc
705 1775 794 1846 aliqua
811 1789 878 1830 terra
897 1793 949 1848 que
967 1795 1023 1832 non
1041 1778 1075 1832 sit
1094 1795 1175 1849 prope
1203 1779 1341 1850 bugellam
1369 1796 1415 1850 pet
1441 1796 1487 1834 sex
1512 1779 1634 1836 miliaria.
1662 1781 1696 1834 Et

529 1861 640 1933 quilibet
658 1875 778 1923 teneatur
795 1865 944 1918 obseruare.

567 2037 607 2076 12.
626 2021 696 2076 Item
715 2022 787 2093 quod
805 2022 895 2078 nullus
913 2037 985 2078 emat
1002 2025 1093 2096 aliquo
1111 2043 1220 2080 coreum
1238 2027 1271 2079 ab
1290 2025 1380 2098 aliquo
1399 2025 1569 2080 reuenditore
1577 2027 1628 2080 nisi
1639 2043 1696 2098 por-

528 2121 607 2164 tasset
624 2126 672 2179 per
687 2109 746 2180 VIJ.
765 2109 878 2164 miliaria
897 2111 1005 2183 longea
1024 2113 1133 2183 Bugelle
1151 2113 1185 2166 Et
1202 2114 1248 2184 qui
1269 2113 1452 2168 contrafecerit
1469 2112 1556 2168 soluat
1577 2115 1695 2168 bannum

529 2213 576 2267 pro
594 2197 714 2268 quolibet
731 2209 758 2252 et
776 2199 893 2269 qualibet
911 2201 970 2253 uice
987 2200 1136 2254 solidorum
1153 2201 1190 2255 X.
1209 2201 1375 2271 papiensium
1394 2202 1427 2254 Et
1454 2201 1506 2256 hoc
1533 2201 1696 2273 intelligatur

528 2285 561 2338 de
579 2284 734 2339 hominibus
753 2287 862 2358 Bugelle
881 2288 957 2340 etde
976 2300 1085 2342 vemato
1102 2289 1136 2342 Et
1154 2289 1265 2360 quilibet
1282 2301 1403 2344 teneatur
1420 2306 1467 2360 per
1490 2303 1693 2344 sacramentum

528 2373 562 2427 Et
579 2373 742 2445 intelligatur
759 2392 807 2446 pro
825 2375 878 2429 illis
897 2376 989 2430 Coreis
1007 2375 1095 2431 solum
1113 2377 1159 2448 jlla
1180 2379 1238 2430 uice
1256 2380 1352 2448 emptis
1370 2395 1418 2450 pro
1436 2379 1615 2434 reuendendot

566 2548 606 2602 η.
625 2533 692 2586 ltem
711 2534 782 2604 quod
801 2533 912 2604 quilibet
929 2546 1050 2588 teneatur
1067 2535 1157 2589 venire
1175 2536 1207 2589 ad
1227 2537 1400 2590 citationenm
1419 2535 1570 2591 Consulum
1594 2537 1696 2592 tociens

528 2619 656 2690 quociens
673 2619 752 2674 fuerit
769 2621 863 2674 citatus
881 2623 937 2676 Sub
957 2624 1046 2676 banno
1065 2623 1211 2678 solidorum
1231 2624 1263 2694 lJ.
1282 2639 1330 2695 pro
1347 2625 1464 2694 qualibet
1482 2626 1540 2679 uice
1553 2626 1586 2678 Et
1594 2625 1640 2679 ille
1649 2627 1695 2696 qui

529 2725 585 2762 non
603 2709 707 2762 uenerit
724 2721 751 2762 et
768 2726 824 2763 nou
842 2726 871 2762 se
889 2712 1077 2780 presentauerit
1094 2725 1237 2781 antequam
1257 2711 1395 2765 Clauarius
1413 2711 1529 2766 liniuerit
1548 2729 1624 2766 suam
1638 2729 1696 2782 pro

528 2806 631 2860 testam,
650 2795 743 2850 Soluat
761 2797 880 2850 bannum
899 2798 1069 2851 denariorum
1087 2797 1144 2868 er.
1159 2800 1324 2869 papiensium
1337 2817 1453 2870 quorum
1465 2800 1593 2854 medietas
1605 2818 1694 2871 perue-

529 2883 585 2937 niat
602 2883 630 2936 in
649 2883 781 2938 Consules
798 2897 826 2940 et
843 2885 894 2938 alia
912 2885 1039 2938 medietas
1057 2886 1085 2938 in
1105 2885 1258 2957 Collegium
1278 2887 1487 2958 Calegariorum.

566 3057 606 3109 14.
625 3043 693 3098 Item
711 3044 783 3114 quod
802 3043 913 3114 quilibet
931 3043 1085 3114 Calegaiius
1103 3057 1129 3098 et
1147 3060 1213 3099 vxor
1231 3045 1289 3098 eius
1307 3058 1427 3100 teneatur
1444 3048 1483 3118 jre
1494 3060 1522 3101 et
1530 3065 1695 3118 perseuerare

529 3133 561 3186 ad
580 3131 699 3186 officium
717 3131 789 3201 quod
809 3131 838 3184 fit
855 3132 888 3184 ad
908 3130 1004 3184 festum
1024 3133 1092 3186 beati
1111 3133 1162 3186 vrsi
1182 3135 1214 3186 ad
1233 3134 1377 3188 Ecclesiam
1407 3147 1497 3189 sancte
1526 3136 1610 3190 marie
1638 3137 1694 3190 Sub

529 3221 619 3273 banno
636 3219 783 3274 solidorum
801 3220 833 3289 lJ.
853 3221 1018 3290 papiensium
1037 3221 1070 3274 Et
1089 3221 1199 3292 quilibet
1216 3233 1337 3276 teneatur
1354 3222 1449 3278 offerte
1462 3241 1545 3278 vnum
1555 3225 1694 3279 denarium

529 3308 585 3362 Sub
602 3308 698 3362 eodem
717 3309 814 3362 banno.

565 3467 606 3519 15·
625 3451 692 3504 ltem
711 3450 829 3522 quolibet
848 3466 920 3504 anno
932 3451 1045 3504 debeant
1063 3451 1127 3520 eligi
1146 3463 1260 3522 quatuor
1278 3452 1410 3506 Consules
1428 3454 1474 3524 qui
1493 3453 1626 3524 eligantur
1649 3471 1695 3525 pet

528 3539 660 3594 Consules
678 3538 846 3608 precedentes
863 3550 925 3592 ante
943 3537 1039 3591 festum
1058 3539 1141 3592 sancti
1159 3540 1266 3592 martini
1286 3556 1348 3593 cum
1378 3541 1491 3594 consilio
1518 3555 1632 3613 quatuor
1660 3543 1694 3596 de

529 3627 652 3698 Collegio
671 3627 704 3680 de
722 3627 884 3690 melioribus,
902 3627 936 3680 Et
954 3626 1085 3680 Consules
1103 3639 1203 3680 veteres
1212 3639 1352 3682 teneantur
1364 3630 1520 3700 consignare
1532 3631 1694 3684 Consulibus

528 3714 607 3768 nouis
624 3725 711 3767 totum
731 3713 908 3767 Consortium
927 3725 953 3766 et
972 3713 1070 3766 Cereos
1088 3725 1114 3766 et
1132 3713 1224 3766 omnia
1243 3713 1377 3768 Comunia
1397 3716 1535 3787 Calegarle
1553 3731 1579 3770 et
1597 3719 1693 3771 exinde

529 3803 627 3854 bonam
646 3801 754 3854 reddere
772 3802 912 3865 rationem,
930 3801 964 3854 Et
982 3801 1033 3855 hoc
1052 3818 1098 3871 per
1116 3816 1208 3856 eorum
1227 3815 1422 3858 sacramentum
1440 3805 1462 3858 si
1492 3806 1526 3858 de
1555 3806 1608 3860 hoc
1637 3823 1692 3860 nou

527 3889 655 3942 haberent
673 3887 811 3942 licenciam
830 3905 846 3942 a
864 3887 996 3960 Collegio.

566 4027 606 4083 16.
625 4029 693 4082 ltem
711 4029 783 4100 quod
801 4028 890 4082 nullus
909 4028 1062 4100 Calegarius
1080 4031 1173 4084 debeat
1192 4031 1234 4084 uel
1257 4044 1389 4101 presumat
1420 4049 1508 4086 emem
1536 4033 1635 4104 aliquid
1660 4035 1694 4087 de

528 4116 647 4170 misterio
665 4115 865 4187 Calegariorum
884 4117 916 4169 ab
935 4116 1023 4187 aliqua
1041 4133 1152 4187 persona
1171 4119 1271 4188 priuata
1290 4119 1323 4172 Et
1341 4120 1386 4189 qui
1405 4119 1588 4174 contrafecerit
1606 4121 1693 4174 soluat

553 4290 586 4341 (t)
599 4289 701 4331 statutum
714 4290 754 4332 boc
768 4301 890 4350 upuuctupr
913 4290 960 4340 fuit,
982 4292 1076 4345 apposite
1096 4293 1237 4332 «montione
1261 4291 1359 4332 &stam
1379 4295 1423 4347 quio
1443 4294 1526 4347 iniqcm
1549 4297 1693 4350 suprascriptum

528 4359 640 4400 aelium·
