3926 5542
543 515 597 555 200

578 639 620 693 ²3·
639 623 707 678 Item
725 623 864 694 prouidere
882 623 1003 678 uolentes
1021 635 1049 676 vt
1065 623 1177 694 quilibet
1186 623 1220 678 de
1231 623 1304 678 dicto
1318 622 1442 694 Collegio
1453 623 1575 678 comodis
1586 635 1613 677 et
1625 622 1709 677 hono·

540 712 621 776 ribus,
639 711 727 782 equali
745 727 869 766 mensum
887 711 1038 765 collocetur.
1057 711 1192 766 Statutum
1210 723 1237 764 et
1264 711 1418 764 ordinatum
1450 723 1497 764 est
1526 711 1608 774 Quod
1636 711 1709 764 nullu

541 815 652 868 persons
669 799 750 852 etism
769 799 790 852 si
809 811 877 852 esset
894 799 964 852 filius
982 799 1093 852 alicuius
1111 801 1206 870 noterij
1227 800 1260 852 de
1278 798 1402 868 Collegio
1415 799 1497 868 possit
1505 815 1554 868 pro
1566 815 1594 852 se
1604 811 1708 854 tantum

540 886 567 938 in
586 887 658 940 dicto
676 886 763 942 offitio
782 887 915 940 deseruire
932 887 984 940 nisi
1002 887 1133 957 gradatim
1151 889 1224 958 juxto
1242 888 1364 940 ordinem
1383 887 1412 939 in
1431 885 1595 957 infrascripto
1619 888 1708 941 rotulo

540 975 705 1029 denotatum.
724 975 880 1030 Incohando
898 976 926 1028 in
945 975 1069 1046 proximo
1087 975 1154 1028 festo
1172 975 1255 1028 sancti
1274 975 1379 1044 Eusebij
1399 974 1427 1026 in
1446 991 1509 1044 quo,
1528 975 1654 1028 incohare
1666 976 1709 1028 de

540 1063 603 1115 bent
622 1061 825 1115 Bnnhoiomeus
845 1062 936 1115 Vberti
955 1061 1063 1132 serrurij,
1081 1074 1108 1114 et
1123 1061 1259 1131 Johannes
1277 1061 1347 1114 filius
1365 1061 1469 1114 domini
1485 1061 1606 1114 Vbertini
1625 1077 1708 1131 passu·

537 1149 615 1220 inque
632 1150 719 1204 notari
738 1150 800 1202 dicti
820 1150 936 1220 Collegij
956 1151 1019 1220 quin
1037 1149 1176 1204 seruitium
1195 1150 1277 1220 ipsius
1305 1148 1385 1218 officij
1414 1165 1462 1220 pro
1489 1150 1561 1203 dicto
1588 1161 1708 1220 tempore

538 1239 580 1292 Ad
599 1253 645 1290 eos
663 1250 780 1307 spectare
797 1237 876 1291 debet
891 1237 969 1306 Juxta
988 1237 1111 1290 ordinem
1129 1237 1229 1291 diutius
1247 1239 1426 1301 obsenutum,
1450 1253 1496 1290 seu
1515 1253 1563 1308 pro
1581 1237 1644 1307 ipsis
1662 1249 1707 1290 aut

536 1327 655 1396 ipsomm
672 1324 755 1380 altero
775 1341 820 1396 per
838 1341 884 1378 sex
902 1341 1018 1390 menses,
1031 1325 1097 1380 Inde
1115 1325 1243 1378 continue
1261 1337 1418 1395 sequuturos
1436 1325 1535 1378 seruire
1552 1324 1669 1377 ualentes
1680 1337 1707 1378 et

535 1414 568 1467 de
585 1414 651 1466 lude
668 1413 697 1466 iu
716 1413 774 1484 ipso
793 1413 893 1466 Rotulo
912 1412 966 1482 Alij
987 1413 1050 1466 Soci
1072 1413 1128 1466 bini
1146 1425 1286 1484 sequentes
1304 1413 1434 1483 grndatim
1445 1412 1569 1484 vsqueud
1582 1412 1706 1466 ultimum

534 1499 670 1566 inclusive,
688 1513 715 1554 et
733 1502 766 1554 ub
784 1499 887 1554 Vltimo
905 1501 964 1553 sine
985 1499 1127 1554 interuallo
1145 1501 1311 1554 reuoluendo
1329 1501 1361 1552 ad
1381 1501 1511 1571 predictos
1529 1501 1630 1571 primos
1648 1501 1707 1552 Bar·

533 1589 703 1641 tholomeum
721 1599 748 1640 et
762 1587 914 1657 Johunnem
932 1587 985 1640 hoc
1003 1588 1095 1640 addito
1114 1588 1137 1640 si
1157 1597 1224 1641 torte
1242 1589 1380 1658 continget
1398 1589 1471 1658 quod
1483 1588 1559 1642 Vnus
1571 1588 1706 1640 relambo

533 1693 566 1729 ex
584 1675 660 1728 dictis
677 1676 757 1745 socijs
774 1687 895 1745 tempore
912 1675 962 1728 sibi
981 1675 1108 1744 spectanti
1127 1675 1201 1728 dicto
1228 1675 1314 1728 offitio
1332 1675 1465 1728 desereire
1487 1673 1644 1728 infirmitate
1661 1675 1705 1728 uel

533 1764 584 1816 ulia
602 1779 680 1816 causa
698 1764 819 1817 detentus
837 1777 894 1816 non
912 1763 1008 1833 poterit
1026 1763 1198 1817 recusssuerit
1216 1763 1260 1816 uel
1280 1762 1425 1833 neglexerit
1443 1763 1511 1816 circu
1523 1763 1605 1833 ipsius
1623 1762 1702 1833 officij

534 1851 693 1922 principium
711 1851 844 1905 deseruire
857 1850 914 1904 'uei
943 1849 1069 1904 deseruiri
1098 1852 1183 1904 iacere
1207 1849 1285 1920 quta
1305 1850 1419 1904 sormam
1437 1849 1603 1904 Stttutorum
1623 1851 1705 1920 ipsius

533 1939 658 2008 Collegij.
677 1938 759 2001 Quod
777 1937 821 2008 alij
841 1938 905 2008 socij
926 1938 1047 2007 proxime
1064 1949 1204 2008 sequentes
1223 1938 1284 1992 loco
1303 1939 1402 1991 seruire
1427 1939 1582 1992 debentium
1609 1953 1703 1992 succe-

533 2027 604 2090 dunt,
622 2043 744 2096 onusque
761 2039 787 2079 et
806 2027 951 2078 comodum
970 2027 1051 2094 ipsius
1070 2025 1149 2095 officij
1181 2026 1213 2078 sd
1242 2027 1279 2078 sic
1311 2027 1480 2079 succedentes
1507 2026 1623 2079 totaliter
1641 2043 1702 2096 per-

532 2115 614 2167 tinent
632 2127 711 2183 utque
728 2125 833 2183 spectet.
853 2113 886 2166 Et
904 2115 976 2183 quod
996 2125 1115 2182 tempore
1134 2113 1237 2182 seruicij
1258 2114 1377 2182 ipsorurn
1407 2113 1616 2176 succedentium,
1635 2113 1704 2182 Aliis

532 2215 656 2272 utsupra
675 2215 843 2272 computetur
861 2201 887 2254 id
906 2214 1012 2270 tempus
1030 2217 1078 2270 pro
1096 2215 1217 2269 tempore
1235 2201 1298 2269 ipsis
1316 2201 1519 2254 succedentibus
1538 2213 1631 2270 postes
1649 2217 1704 2270 per·

429 2351 432 2356 ,
530 2291 634 2342 tinenti.
654 2289 687 2342 Et
705 2289 887 2358 intelliguntur
904 2290 968 2360 socij
990 2289 1045 2341 bini
1064 2289 1094 2340 ln
1114 2289 1172 2358 ipso
1192 2288 1292 2341 Rutulo
1310 2289 1424 2341 ordinati
1454 2304 1532 2359 posse
1559 2301 1586 2341 et
1608 2288 1703 2342 debete

530 2377 602 2430 dicto
620 2375 705 2430 offitio
724 2377 864 2440 desereire,
884 2377 992 2447 quando
1010 2377 1047 2428 eis
1066 2377 1147 2446 ipsius
1166 2375 1245 2445 officii
1266 2375 1382 2429 offitium
1401 2378 1535 2446 spectsbit.
1555 2377 1631 2430 quta
1649 2395 1704 2446 pre

532 2477 638 2517 tensum
657 2465 780 2517 ordinem
799 2481 846 2534 per
863 2481 908 2517 sex
927 2481 1032 2518 menses
1050 2475 1153 2517 tantum
1172 2476 1199 2516 et
1218 2481 1272 2516 non
1292 2463 1358 2517 vitm
1377 2465 1532 2518 Incohsndo
1551 2477 1581 2518 ut
1599 2465 1704 2535 premit-

529 2550 642 2604 titurio
661 2551 728 2604 sesto
746 2553 829 2606 sancti
849 2553 955 2621 Eusebij
975 2551 1106 2605 inciusiue
1123 2568 1205 2622 usque
1223 2553 1256 2605 sd
1284 2551 1380 2606 festum
1408 2551 1599 2622 purificationis
1627 2553 1703 2606 bmte

529 2639 647 2708 Virginis
665 2639 747 2692 Murie
765 2640 920 2702 exclussiue‚
938 2653 964 2692 et
983 2641 1016 2692 de
1036 2639 1102 2692 Inde
1121 2639 1287 2692 reuoluendo
1305 2658 1320 2692 a
1339 2641 1410 2693 dicto
1427 2639 1702 2710 festo,putt'ficutionis

529 2727 658 2780 indusiue
677 2727 766 2798 Vsque
783 2730 816 2782 nd
835 2729 907 2782 uliud
925 2727 1022 2780 festum
1041 2729 1136 2798 sunctij
1157 2728 1262 2798 Eusebij
1293 2728 1435 2781 exclusiue
1455 2729 1488 2782 Et
1506 2731 1539 2781 ab
1557 2729 1616 2798 ipso
1634 2727 1701 2782 sesto

528 2816 611 2869 suncti
628 2817 733 2886 Eusebij
755 2816 843 2886 Vsque
862 2817 895 2869 td
914 2816 985 2870 uliud
1005 2815 1106 2869 festum
1126 2815 1324 2886 purificationis,
1335 2816 1455 2887 Tempus
1467 2817 1548 2886 ipsius
1562 2815 1643 2888 officij
1657 2835 1701 2886 per

527 2903 650 2957 ordinem
664 2902 701 2956 Vt
713 2905 873 2973 premittitur
885 2904 1060 2958 reuoluendo.

562 2991 597 3044 Et
614 3007 674 3044 ecce
693 2990 814 3044 Rutulus.

1062 3187 1180 3234 VHESUS

1097 3311 1141 3504 i

1017 3697 1240 4134 O*
