3978 5546
544 487 575 544 18

542 613 642 684 pulsnm
661 623 800 667 tenerntur
816 611 994 667 incontinenti
1011 612 1127 683 incipere
1145 613 1207 667 dare
1224 623 1251 666 et
1268 611 1417 666 Ministrnre
1428 610 1527 666 dictam
1535 609 1706 664 elemasinem

541 718 588 756 seu
606 701 765 756 confrariom
775 701 804 755 in
821 717 907 772 csnpo
925 713 952 754 et
969 700 1170 756 contrafecerint
1187 699 1275 755 solunt
1292 701 1371 772 prior.
1384 699 1433 754 sol.
1451 699 1509 754 XX
1520 717 1562 772 pp.
1581 715 1630 772 pro
1648 716 1710 771 qua·

541 789 606 845 libet
622 790 680 844 vice
698 801 725 844 et
742 789 854 862 quilibet
870 789 1077 844 soresmniomm
1095 789 1136 844 sol
1148 790 1181 843 li
1194 801 1221 843 et
1232 789 1343 860 quilibet
1356 789 1400 842 cui
1412 787 1462 842 finit
1474 787 1583 860 aliquod
1592 787 1708 843 offitium

541 879 696 950 deputatum
714 895 743 932 se
759 879 854 932 debent
871 878 937 932 hora
954 877 1042 933 debita
1069 889 1231 949 pressentare
1258 877 1287 930 in
1316 893 1385 948 pena
1402 877 1551 931 solidorum
1568 877 1601 930 IL
1620 894 1663 948 pp.
1683 889 1710 932 et

541 966 668 1022 officiales·
678 967 801 1022 comunis
819 979 1012 1036 teneanturper
1024 982 1119 1020 eorum
1145 966 1332 1037 juramentum
1344 981 1479 1020 accussrre
1489 964 1709 1020 contrafacientes

541 1072 593 1126 que
611 1057 698 1110 bunna
716 1053 871 1126 peruenient
888 1055 917 1109 in
934 1053 1075 1108 utilitatem
1092 1051 1229 1107 confrnrie.

578 1214 621 1269 91.
640 1197 707 1250 Item
725 1207 853 1250 stitutum
870 1195 1000 1266 estquod
1018 1194 1129 1266 quilibet
1146 1205 1296 1248 soresmnus
1314 1192 1443 1248 confierie
1461 1193 1585 1248 comunis
1603 1191 1709 1264 bugelle

543 1298 663 1340 tenentur
674 1295 701 1338 et
709 1284 803 1338 debent
815 1283 926 1355 precisse
938 1282 1042 1336 soluere
1054 1281 1135 1352 pn‘ori
1147 1297 1197 1336 suo
1210 1281 1346 1353 recipienti
1359 1281 1471 1336 nomine
1482 1280 1612 1335 conlrnrie
1625 1293 1709 1334 totum

544 1373 682 1429 collectam
700 1372 741 1426 sui
759 1371 881 1442 quarterij
902 1382 929 1424 et
947 1369 1139 1425 confiniorum
1157 1368 1226 1423 infra
1244 1367 1341 1424 festum
1358 1370 1442 1424 sancti
1461 1368 1567 1440 Eusebij
1587 1367 1710 1439 proxime

544 1461 684 1514 uenientis.
702 1471 762 1529 post
779 1457 876 1511 lactem
893 1457 992 1512 dictem
1019 1456 1177 1510 conlrnrirm
1197 1457 1255 1510 siue
1272 1457 1412 1511 exculserit
1428 1473 1444 1510 t
1462 1455 1636 1510 confratribus
1653 1457 1710 1510 siue

544 1565 609 1602 non.
628 1546 777 1601 dummodo
795 1547 849 1600 sint
865 1545 964 1616 ydonei
983 1557 1009 1598 et
1027 1544 1158 1598 soluendo
1176 1557 1202 1598 et
1220 1545 1267 1616 qui
1285 1558 1376 1598 contra
1388 1545 1479 1598 lecerit
1489 1545 1578 1599 soluat
1589 1561 1638 1614 pro
1647 1560 1711 1614 qun·

544 1636 608 1690 libet
626 1635 669 1687 die
687 1650 739 1705 qua
756 1649 813 1688 non
831 1631 954 1686 solueret
972 1631 1072 1686 solidos
1090 1632 1122 1686 V.
1141 1649 1184 1702 pp.
1203 1633 1236 1685 de
1254 1632 1351 1703 quibus
1369 1649 1425 1686 non
1443 1632 1526 1702 possit
1543 1631 1600 1684 fieri
1618 1631 1709 1702 gratis.

544 1737 571 1778 et
588 1721 710 1777 consules
728 1733 867 1774 teneantur
885 1737 931 1790 per
947 1733 1143 1774 sacramentum
1161 1733 1283 1774 excutere
1309 1721 1378 1774 dicto
1405 1722 1492 1774 banna
1510 1731 1537 1774 et
1554 1720 1711 1790 consignare

545 1811 578 1866 td
598 1809 738 1865 utilitatem
757 1807 893 1862 constane.
912 1819 939 1861 et
957 1808 1028 1878 prior
1046 1809 1092 1878 qui
1111 1823 1158 1878 pro
1171 1807 1334 1878 temporibus
1346 1807 1425 1861 luerit
1436 1819 1557 1861 tenentur
1582 1808 1711 1861 etdebett

545 1899 656 1954 soluisse
673 1898 799 1952 omnibus
816 1897 988 1952 creditoribus
1006 1913 1073 1968 quos
1091 1895 1181 1950 lecerit
1198 1909 1319 1967 tempore
1335 1897 1376 1950 sui
1403 1896 1540 1967 prioratus
1570 1893 1641 1950 lnlrn
1659 1896 1711 1949 exi·

545 1999 604 2042 tum
622 1987 722 2040 mensis
739 1985 862 2056 Augusti.
881 1985 910 2038 in
928 2001 1015 2055 penna
1033 1998 1059 2038 et
1077 1986 1166 2038 banno
1184 1985 1346 2055 supradietis.

581 2125 624 2181 92.
643 2109 710 2162 Item
729 2120 856 2162 statutum
875 2121 901 2160 et
919 2108 1072 2162 ordinatum
1090 2109 1218 2179 estquod
1237 2108 1359 2162 consules
1386 2121 1412 2162 et
1431 2109 1502 2179 prior
1519 2107 1648 2162 confrarie
1665 2108 1712 2178 qui

546 2197 643 2252 fuerint
653 2213 700 2266 pro
708 2208 827 2265 tempore
836 2196 878 2265 (1)
888 2208 1029 2248 teneantur
1045 2209 1072 2248 et
1081 2197 1193 2249 debeant
1205 2197 1254 2248 sibi
1266 2195 1350 2248 lacere
1360 2196 1511 2267 consignari
1524 2213 1619 2250 omnes
1632 2207 1712 2250 terras

546 2299 573 2340 et
591 2283 768 2356 possessiones
786 2295 813 2337 et
831 2283 890 2336 ficta
908 2284 1006 2336 etium
1025 2282 1153 2336 conlimie
1171 2283 1239 2337 infra
1257 2284 1381 2337 kalendas
1399 2285 1489 2355 Marcii
1510 2283 1624 2354 pmximi
1637 2295 1664 2336 et
1682 2300 1712 2336 ea

547 2373 610 2446 poni
628 2374 657 2427 in
676 2388 729 2425 vno
747 2371 815 2426 libro
834 2372 867 2425 de
885 2372 969 2424 cartis.
988 2384 1015 2424 et
1032 2369 1105 2441 prior
1122 2384 1149 2424 et
1167 2371 1289 2425 consules
1307 2373 1355 2442 qui
1372 2383 1463 2443 postea
1482 2389 1530 2444 pro
1548 2373 1713 2443 temporibus

547 2461 645 2517 luerint
662 2473 801 2514 tenmntur
818 2473 845 2513 et
862 2458 1067 2513 debetntsneere
1077 2460 1222 2512 examinari
1235 2460 1337 2512 dictum
1346 2462 1596 2532 consignnmentum
1606 2459 1713 2532 quando

547 2561 643 2606 statuta
661 2548 784 2603 comunis
802 2548 987 2602 examinantur
1005 2547 1081 2602 omni
1099 2564 1180 2601 anno.
1198 2561 1225 2600 et
1242 2547 1311 2601 lncto
1321 2549 1542 2620 consignnmento
1554 2547 1676 2602 consules
1687 2559 1715 2601 et

548 2639 619 2709 prior
636 2649 776 2691 teneantur
795 2653 894 2706 ponere
903 2637 931 2690 in
941 2636 1083 2690 Credentin
1098 2635 1190 2689 omnia
1199 2637 1354 2706 consignata
1363 2637 1406 2706 (2)
1416 2637 1444 2690 in
1454 2653 1523 2708 pena
1531 2648 1557 2690 et
1567 2638 1656 2692 banno
1665 2635 1714 2690 sol.

583 2865 625 2920 93.
645 2849 711 2903 ltem
729 2859 858 2902 statutum
876 2861 915 2902 est
934 2849 1006 2920 quod
1024 2849 1136 2920 quilibet
1154 2849 1225 2920 prior
1233 2849 1375 2908 ,confrarie
1394 2860 1515 2902 tenentur
1532 2849 1638 2920 exigere
1650 2860 1715 2902 tem-

549 2956 612 3010 pore
629 2937 670 2990 sui
689 2937 818 3008 prioratus
836 2954 931 2992 omnes
948 2951 1030 2991 cartas
1049 2955 1100 3008 que
1114 2937 1206 2991 fierent
1218 2939 1321 2991 ratione
1334 2937 1463 2992 confrarie
1475 2949 1502 2992 et
1513 2954 1544 2991 m
1558 2936 1715 3008 consignare

549 3025 709 3080 consulibus
728 3037 754 3078 et
772 3025 894 3079 consules
912 3037 1051 3079 teneantur
1069 3041 1167 3096 ponere
1185 3037 1211 3078 et
1229 3028 1376 3096 gubernare
1394 3026 1463 3079 diem
1493 3026 1668 3079 instrumente
1686 3025 1713 3077 in

548 3113 652 3168 scrineo
673 3113 795 3168 comunis
813 3114 881 3168 sicut
898 3115 950 3168 alia
967 3115 1142 3168 instrumenta
1160 3114 1222 3168 dicti
1241 3115 1381 3168 Comunis.
1400 3116 1433 3168 Et
1450 3114 1496 3184 qui
1514 3114 1717 3186 nonconsignn-

549 3202 618 3256 uerit
635 3219 666 3255 ea
684 3219 736 3274 que
754 3202 868 3256 tenuerit
886 3203 956 3256 Infra
974 3215 1078 3273 tempus
1096 3204 1135 3256 eis
1154 3215 1281 3258 statutum
1294 3221 1327 3256 ex
1345 3202 1432 3258 forma
1447 3202 1517 3256 eride
1527 3201 1570 3257 uel
1580 3203 1715 3257 denuntio.

549 3291 624 3345 cadat
642 3292 675 3343 ab
692 3290 769 3345 omni
787 3291 844 3344 iure
862 3291 934 3363 quod
953 3292 1061 3344 haberet
1079 3291 1106 3344 in
1126 3291 1202 3345 dictis
1220 3291 1294 3345 terris
1312 3304 1338 3344 et
1357 3290 1493 3364 perueniat
1510 3291 1539 3345 in
1557 3291 1715 3345 confrariam

550 3380 629 3451 pleno
648 3379 711 3432 iure.
731 3392 757 3432 et
775 3377 843 3432 ultra
861 3379 913 3433 hoc
931 3379 1017 3436 soluat
1036 3397 1083 3450 pro
1109 3381 1198 3434 banno
1226 3380 1274 3434 sol.
1293 3379 1349 3434 LX.
1368 3397 1410 3451 pp.
1440 3380 1487 3452 qui
1514 3381 1670 3452 perueniant
1688 3380 1717 3434 in

550 3468 707 3522 contrariam
726 3468 879 3538 predictam.

860 3642 908 3696 DE
927 3641 1063 3698 INIURIS
1082 3643 1129 3698 ET
1148 3643 1249 3698 RleS.
1270 3675 1303 3684 —
1322 3645 1353 3698 R.
1373 3644 1405 3697 V.

585 3835 627 3890 94
647 3821 781 3874 Statutum
799 3831 825 3872 et
842 3819 995 3873 ordinatum
1021 3831 1061 3873 est
1088 3820 1160 3890 quod
1179 3821 1224 3890 qui
1242 3819 1463 3890 blasphemauerit
1489 3822 1533 3874 uel
1552 3819 1716 3874 maledixerit

551 3924 665 3960 comune
685 3907 727 3960 uel
746 3907 836 3960 locum
859 3908 971 3977 bugelle.
991 3919 1036 3960 aut
1066 3907 1182 3978 aliquem
1211 3909 1347 3963 consulem
1373 3909 1416 3962 uel
1435 3909 1576 3962 officialem
1594 3910 1717 3964 comunis

551 4011 599 4064 pro
617 3994 707 4063 aliquo
725 3994 813 4048 officio
823 3993 866 4047 uel
876 3996 987 4048 seruicio
1006 3995 1129 4048 comunis
1146 4007 1192 4048 out
1204 3995 1250 4066 qui
1267 3996 1461 4050 dismentiuerit
1471 3995 1587 4066 aliquem
1597 3997 1715 4067 ipsorum

552 4081 638 4136 solunt
656 4083 774 4134 bannum
795 4099 841 4152 pro
859 4083 978 4152 quolibet
996 4095 1022 4136 et
1040 4083 1156 4152 qualibet
1174 4083 1233 4136 uice
1250 4083 1299 4136 sol.
1318 4084 1351 4136 X.
1370 4101 1412 4154 pp.

579 4220 696 4274 (1)Verbn:
708 4229 744 4275 pro
758 4229 849 4275 tempore:
863 4224 965 4275 posterius
979 4224 1053 4276 scripta
1068 4233 1123 4272 sunt,
1132 4223 1177 4264 eliis
1190 4223 1275 4265 abrasis.

580 4293 607 4344 (ι)
620 4291 679 4339 Quae
693 4291 845 4346 subsequuntur
857 4305 902 4347 etp.
917 4293 976 4333 verbs
991 4295 1092 4347 posterius
1107 4295 1188 4348 scripti.
