3958 5540
1446 527 1477 577 br

357 649 415 718 318.
433 648 502 703 item
521 659 648 702 statutum
666 658 706 700 est
724 646 796 716 quod
813 645 903 699 nullus
921 645 1025 698 dimitat
1043 659 1080 698 ire
1098 659 1160 698 suos
1178 659 1272 714 porcos
1283 661 1482 716 nequeanscres

318 754 406 809 neque
423 753 503 792 annes
521 738 552 790 In
571 735 647 806 rugia
665 751 748 806 usque
775 734 883 788 terciam
910 745 937 788 et
963 734 1010 805 qui
1036 731 1225 788 mnuaiecetit.
1252 730 1340 788 soluat
1364 735 1482 790 bannum

319 825 407 880 denar.
427 825 474 878 Vl.
493 840 542 896 pro
560 823 677 895 qualibet
695 822 760 876 vice.

357 979 415 1037 319·
433 965 501 1018 ltem
519 975 646 1017 statutum
659 963 783 1034 estquod
793 961 866 1015 nulla
877 977 989 1031 persona
1001 962 1082 1032 possit
1094 977 1143 1016 nec
1155 963 1249 1016 debeat
1259 974 1350 1016 tenere
1361 961 1478 1034 aliquam

317 1053 486 1108 strumeriam
504 1067 591 1122 neque
609 1049 693 1104 iacere
710 1050 827 1120 aliquam
845 1065 965 1103 sozuram
983 1065 1036 1119 que
1053 1050 1135 1119 possit
1152 1050 1204 1103 labi
1224 1065 1311 1120 neque
1333 1049 1420 1104 fedare
1439 1067 1480 1103 tu·

304 1131 308 1138 ’
319 1141 392 1212 giam
410 1139 496 1211 placij.
508 1139 542 1192 Et
553 1139 598 1209 qui
610 1136 799 1191 contrafecerit
812 1136 898 1190 soluat
916 1139 1042 1190 bannum
1061 1137 1109 1190 sol.
1128 1137 1228 1190 decem.
1243 1154 1285 1208 pp.
1296 1138 1339 1206 (ι)
1352 1149 1378 1190 et
1390 1149 1482 1212 postea

319 1246 379 1283 eam
397 1228 460 1281 altet
478 1226 563 1280 taliter
581 1227 653 1296 quod
672 1241 727 1278 non
746 1224 815 1278 ledet
833 1225 916 1294 ipsam
935 1225 1046 1294 rugiam.
1066 1237 1092 1278 et
1109 1225 1155 1294 qui
1173 1241 1229 1278 non
1256 1225 1376 1278 altauerit
1394 1225 1482 1279 soluat

320 1318 439 1370 bannum
457 1329 504 1384 pro
522 1312 639 1383 qualibet
657 1312 786 1365 edomada
798 1323 857 1382 post
869 1327 950 1382 quarn
963 1312 987 1365 ei
1000 1323 1151 1382 preceptum
1164 1311 1241 1364 fuerit
1254 1313 1325 1382 quod
1337 1329 1397 1366 eam
1411 1313 1482 1366 altet.

319 1404 367 1458 sol.
386 1403 419 1454 V.
438 1418 480 1472 pp.
499 1402 543 1471 (2)
561 1401 595 1454 Et
612 1399 733 1453 consulet
752 1411 891 1452 teneantur
908 1401 948 1452 bis
965 1399 994 1452 in
1013 1415 1085 1452 anno
1112 1399 1246 1469 Inquirere
1273 1411 1358 1453 totam
1376 1401 1481 1470 tugiam

319 1507 364 1562 per
382 1489 496 1560 placium
515 1501 541 1542 et
559 1489 580 1541 si
599 1487 750 1540 inuenerint
768 1486 804 1540 lbi
822 1486 930 1556 aliquod
948 1486 1094 1542 bruterium
1107 1487 1150 1540 uel
1163 1501 1283 1540 sozuram
1295 1486 1393 1541 iaciant
1404 1488 1479 1542 altari
1552 1477 1555 1484 Δ

319 1590 345 1632 et
362 1576 457 1630 ausari
475 1576 526 1644 (2).
544 1578 558 1645 (
575 1576 588 1643 )
606 1587 632 1628 et
650 1575 771 1628 consules
789 1586 928 1628 teneantur
944 1573 1056 1644 singulis
1074 1575 1209 1628 mensibus
1228 1575 1333 1628 mittere
1350 1576 1418 1630 duos
1436 1575 1480 1630 oi·

320 1665 416 1718 ficiales
434 1665 466 1718 ad
485 1663 674 1734 inquirendum
692 1663 833 1716 strimerias
851 1673 878 1716 et
895 1662 1044 1732 aquarolios
1062 1662 1249 1716 descendentes
1267 1662 1295 1716 in
1314 1664 1426 1733 rugiam.
1440 1663 1482 1732 (3)

349 1803 617 1872 320.1temstatutum
626 1813 665 1854 est
675 1802 747 1872 quod
756 1801 866 1871 quilibet
875 1801 975 1854 habens
985 1813 1092 1871 pontem
1105 1817 1182 1871 super
1191 1803 1295 1871 rugiant
1305 1802 1483 1855 antedomunt

319 1907 395 1945 suam
413 1891 507 1944 debmt
524 1889 601 1942 illum
620 1899 710 1942 τοοοτο
721 1901 837 1942 actatum
849 1889 951 1942 bonum
964 1899 990 1940 et
1004 1889 1070 1942 bene
1083 1901 1199 1942 actatum
1210 1889 1292 1959 etqui
1304 1889 1486 1942 contrafecerit

320 1979 406 2033 soluat
424 1979 551 2031 barmurn.
570 1976 618 2030 sol
638 1977 670 2030 V.
690 1993 731 2047 pp.
750 1977 784 2029 Et
801 1976 923 2029 consules
940 1987 1080 2030 teneantur
1097 1993 1143 2029 eos
1161 1975 1296 2046 lnquirere
1308 1977 1348 2030 bis
1360 1976 1388 2029 in
1401 1993 1481 2030 anno.

358 2152 415 2206 3²¹·
434 2137 500 2190 Item
518 2147 646 2189 statutum
665 2145 704 2187 est
722 2133 793 2205 quod
812 2133 923 2204 quilibet
940 2133 986 2204 qui
1004 2133 1117 2187 voluerit
1135 2132 1230 2188 ducere
1248 2133 1363 2204 Rugiam
1376 2151 1422 2206 per
1433 2135 1485 2206 pla-

320 2243 387 2281 num
405 2225 498 2278 debeat
516 2224 587 2294 prius
605 2224 666 2276 dare
683 2222 731 2275 sol.
750 2222 806 2276 LX.
825 2238 867 2291 pp.
886 2233 912 2276 et
930 2222 1008 2275 ducat
1025 2221 1123 2292 ubique
1141 2222 1174 2274 ab
1192 2222 1258 2276 hora
1270 2237 1343 2276 none
1356 2223 1483 2292 usquead

320 2325 409 2366 ortum
427 2311 490 2363 solis
509 2321 621 2363 tantum.
641 2321 667 2362 et
684 2309 756 2380 quod
774 2308 864 2362 nullus
881 2309 963 2378 possit
980 2325 1040 2362 eam
1058 2308 1161 2362 ducere.
1179 2309 1297 2362 amedio
1308 2309 1386 2379 junio
1399 2325 1483 2380 usquc

321 2400 353 2454 ad
372 2411 492 2452 sanctum
511 2398 669 2450 eussebium.
688 2409 715 2448 et
732 2414 747 2448 a
766 2407 855 2450 sancta
874 2396 956 2449 maria
976 2398 1009 2451 de
1036 2395 1189 2465 septembris
1216 2412 1299 2468 usque
1326 2397 1358 2448 ad
1388 2395 1485 2449 festum

321 2488 444 2541 omnium
463 2498 615 2538 sanctorum
634 2495 660 2538 et
677 2484 722 2537 illa
741 2499 851 2554 persona
870 2501 922 2553 que
940 2485 1036 2537 ducere
1048 2484 1090 2536 uel
1104 2485 1164 2538 duci
1177 2483 1368 2554 {temetipsam
1381 2484 1485 2554 rugiant

315 2575 378 2639 ¹sine
395 2573 504 2627 licencia
522 2573 646 2626 omnium
665 2571 814 2626 consulum.
833 2570 927 2624 soluat.
946 2571 995 2625 sol.
1014 2571 1069 2626 XL.
1089 2587 1137 2642 pro
1156 2573 1254 2624 banno.
1274 2583 1300 2625 et
1313 2572 1361 2624 sol.
1375 2571 1429 2625 Lx
1441 2573 1483 2640 (4)

320 2679 365 2732 pra
384 2671 521 2714 menarum
538 2659 589 2712 nisi
607 2671 674 2712 esset
692 2675 769 2712 causa
788 2659 857 2728 ignis
875 2659 990 2712 accenssi
1004 2656 1046 2710 uel
1060 2659 1141 2712 uenti.
1160 2659 1194 2712 Et
1207 2657 1329 2712 consules
1341 2669 1482 2712 teneantur

321 2748 481 2802 denunciare
497 2745 535 2799 illi
555 2746 598 2800 uel
616 2745 668 2800 illis
686 2747 731 2817 qui
750 2746 828 2799 ducet
846 2745 951 2816 rugiam
970 2747 1041 2816 quod
1060 2746 1173 2799 debeant
1191 2745 1313 2800 dimitere
1330 2747 1421 2799 venire
1439 2761 1485 2816 per

322 2837 436 2907 placium
454 2845 574 2904 quartam
593 2847 693 2903 partem
711 2834 781 2886 dicte
799 2835 874 2904 rugie
893 2835 941 2886 sub
960 2833 1049 2886 banno
1068 2832 1116 2887 sol.
1129 2833 1256 2905 quinque
1269 2849 1311 2904 pp.
1324 2845 1351 2888 et
1363 2833 1485 2888 consules

321 2935 443 2978 excutere
460 2934 599 2976 teneantur
617 2937 662 2990 per
680 2937 774 2974 eorum
792 2921 1070 2991 lnquissicioncm.1ta
1089 2933 1178 2975 tamen
1197 2922 1268 2992 quod
1286 2922 1326 2974 illi
1344 2922 1390 2992 qui
1408 2921 1487 2975 habe

323 3024 380 3065 rent
398 3010 536 3064 licenciam
554 3009 667 3063 ducendi
686 3008 784 3061 dictant
803 3009 919 3079 Rugiam
937 3025 993 3061 non
1012 3009 1114 3078 possint
1131 3025 1190 3062 mm
1209 3025 1300 3080 capere
1318 3011 1368 3062 nisi
1389 3010 1434 3062 ubi
1446 3021 1485 3062 est

323 3097 388 3151 iacta
401 3109 482 3167 porta.
495 3097 579 3166 etqui
592 3095 773 3149 contrafecerit
786 3096 871 3153 soluat
883 3113 931 3167 pro
949 3097 1065 3166 qualibet
1077 3096 1134 3150 vice
1146 3096 1194 3150 sol.
1204 3096 1259 3150 XI..
1270 3114 1313 3168 pp.
1326 3109 1352 3150 et
1364 3096 1485 3151 consules

323 3197 462 3238 tentantur
479 3200 525 3253 per
542 3199 635 3236 eorum
655 3196 849 3237 sacramentum
867 3195 957 3237 tenere
969 3183 1076 3238 allatam
1089 3185 1186 3238 dictam
1199 3197 1302 3254 portam
1315 3197 1340 3237 et
1353 3185 1389 3237 ibi
1403 3184 1486 3238 iacere

323 3285 411 3326 tenere
424 3288 507 3326 vnum
526 3269 645 3325 lommen
657 3272 727 3324 vnde
745 3271 826 3342 possit
844 3272 933 3326 venire
951 3285 1042 3342 quarta
1056 3289 1113 3342 pars
1125 3273 1194 3326 dicte
1206 3271 1281 3342 rugie
1299 3289 1344 3342 per
1362 3271 1485 3342 placium.

361 3445 418 3500 322.
429 3430 495 3484 ltem
508 3441 634 3484 statutum
648 3443 686 3483 est
698 3430 770 3500 quod
782 3429 869 3500 aliqua
882 3447 992 3500 persona
1004 3432 1179 3504 undecunque
1190 3431 1223 3484 sit
1236 3447 1290 3485 noo
1301 3431 1382 3501 possit
1391 3431 1485 3485 ducere

324 3535 371 3571 nec
385 3519 444 3572 duci
458 3517 542 3571 iacere
554 3517 669 3588 Rugiant
682 3534 727 3588 per
740 3531 840 3572 costam
853 3519 974 3572 andurni.
988 3537 1036 3572 nec
1050 3536 1095 3590 per
1108 3533 1207 3573 costam
1221 3520 1300 3588 glare.
1311 3537 1360 3574 nec
1378 3537 1424 3590 per
1436 3537 1484 3572 co-

324 3619 390 3658 stam
410 3605 518 3658 vernati.
536 3618 563 3658 et
580 3607 625 3676 qui
644 3595 825 3660 contraiecerit
843 3606 929 3659 soluat
942 3607 1060 3660 bannum
1073 3625 1120 3678 pro
1133 3609 1251 3678 quolibet
1263 3621 1289 3660 et
1301 3608 1417 3678 qualibet
1429 3609 1486 3662 vice

324 3692 371 3747 sol.
384 3693 440 3748 xl.
450 3710 491 3764 pp.
503 3693 552 3746 nisi
563 3706 629 3746 esset
641 3695 780 3747 necessitas
794 3693 863 3764 ignis
878 3695 999 3746 accenssi.
1013 3695 1046 3748 Et
1059 3697 1180 3749 consules
1192 3708 1331 3749 teneantur
1343 3697 1485 3768 inquirere.

361 3847 419 3902 323.
438 3834 505 3886 ltern
524 3845 650 3886 staturum
663 3845 702 3886 est
715 3835 786 3904 quod
799 3833 886 3904 aliqua
899 3850 1009 3904 persona
1023 3851 1078 3888 nou
1091 3836 1184 3890 debeat
1194 3836 1316 3906 llonpcre
1328 3853 1377 3890 nec
1399 3837 1486 3908 Ronpi

325 3920 407 3974 iacere
426 3921 540 3988 Rugiam
560 3921 644 3991 placij.
666 3921 695 3974 ln
713 3921 845 3992 aliquibus
863 3922 998 3975 canalibus
1016 3921 1102 3992 Rugie
1120 3940 1168 3977 nec
1198 3940 1279 3994 prope
1297 3925 1365 3995 ipsas
1383 3925 1487 3980 canales

349 4115 359 4164 (
363 4113 383 4165 ι)
397 4112 461 4152 Verba
475 4111 541 4151 darm
555 4119 588 4165 pp.
605 4113 699 4164 inscripta
714 4123 761 4152 sunt
776 4113 822 4153 loco
837 4113 923 4153 aliorum
938 4127 988 4166 quae
1003 4113 1072 4154 abraae
1088 4115 1150 4156 fuere.

352 4183 380 4230 (a)
397 4183 424 4232 (a)
440 4181 503 4233 Supra
518 4183 674 4233 scriptumest:
693 4181 760 4220 l'ecei.

352 4253 379 4298 it)
396 4253 423 4300 (tl
440 4253 532 4300 Adiectio
547 4253 655 4303 posterior.

352 4321 380 4370 lsi
396 4319 456 4360 Nun·
471 4319 516 4361 Ui.
530 4320 578 4362 loco
593 4320 636 4370 lli..
650 4323 685 4374 qai
700 4331 759 4362 autea
773 4323 849 4362 inesset
863 4323 973 4378 imeripem
988 4323 1075 4364 ritem.
