4040 5540
1443 479 1549 550 3¹,

307 587 400 642 munit
418 589 452 642 de
469 605 525 660 quo
543 601 678 642 remanat
696 604 782 641 unum
800 587 833 642 ad
852 587 1081 641 disbondetionem
1099 587 1133 640 od
1152 585 1372 658 uinenedeliquis
1389 603 1476 660 supro-

306 677 408 748 scriptis
425 676 587 730 comunibus
604 693 657 747 que
674 688 744 730 sunt
763 675 809 730 tu
827 675 997 730 disbendemr
1014 674 1090 729 omni
1108 691 1180 729 anno
1195 691 1281 728 unum
1292 673 1361 730 sicut
1371 675 1472 730 disbar-

306 765 404 820 denuit
420 765 472 818 elit
490 764 627 819 (omunia
643 765 677 828 ad
696 764 795 818 uinus.

347 904 404 974 167.
422 904 491 959 Item
509 915 637 958 statutum
655 915 696 958 est
712 905 785 975 quod
802 916 886 959 sortes
903 903 1079 974 singubsium
1097 919 1268 974 pesonarum
1281 905 1424 958 hominum
1442 905 1476 959 de

307 993 422 1064 bugella.
440 993 631 1048 disbendeotur
647 995 681 1047 de
699 993 803 1046 duobus
821 993 898 1046 annis
915 991 999 1046 semel
1016 1003 1120 1046 unnim
1139 1009 1186 1062 per
1203 991 1280 1046 vm⁰
1297 993 1354 1048 dies
1375 1005 1402 1048 et
1419 1007 1475 1046 ooo

307 1081 384 1134 ultra.
402 1093 429 1134 et
446 1082 519 1151 quod
537 1081 608 1134 dicte
625 1081 795 1134 disbendacio
813 1096 869 1134 noo
887 1079 1053 1151 Intelligutur
1070 1081 1104 1133 de
1121 1080 1235 1134 sortibus
1245 1082 1403 1135 comunibus
1421 1079 1476 1152 plu-

306 1169 377 1222 rium
395 1180 551 1222 consortum
568 1169 620 1222 nisi
639 1185 735 1222 omnes
752 1179 888 1224 consortes
903 1167 1001 1222 fuerint
1018 1168 1047 1221 in
1065 1167 1207 1222 coomrdiu
1218 1168 1307 1222 ethoc
1319 1169 1353 1222 de
1371 1184 1475 1222 menese

305 1255 420 1311 februari
439 1256 483 1310 uel
501 1257 603 1328 marcij.

380 1395 438 1450 168.
456 1395 524 1450 Item
542 1407 671 1450 sutorum
698 1407 738 1449 ert
755 1407 782 1449 et
800 1396 953 1450 ordinatum
980 1395 1093 1466 quodsi
1120 1395 1216 1466 aliquis
1242 1393 1321 1449 fuen't
1350 1395 1475 1448 inuentus

306 1496 410 1556 portare
428 1483 524 1537 ducere
542 1482 585 1536 uel
604 1483 665 1536 duci
683 1481 767 1537 facere
785 1482 893 1554 aliquod
911 1498 1007 1536 nemus
1024 1481 1131 1536 aliunde
1149 1498 1230 1554 quam
1257 1483 1291 1536 de
1308 1481 1410 1536 oruollo
1428 1483 1475 1552 qui

305 1587 335 1625 se
352 1582 459 1624 exouet
477 1570 520 1624 uel
538 1587 662 1624 excusae
689 1570 754 1624 uelit
781 1571 853 1642 quod
880 1569 968 1640 ipsum
987 1581 1073 1640 portet
1099 1571 1177 1623 ducat
1205 1569 1248 1624 oei
1267 1570 1327 1622 duci
1345 1568 1423 1624 faciet
1440 1571 1474 1624 de

305 1658 409 1713 cauullo
427 1659 550 1712 videlicet
567 1659 601 1713 de
618 1659 733 1712 sortibus
751 1657 967 1712 bertoldunomm
985 1669 1011 1712 et
1029 1657 1184 1712 cuteilarum
1196 1657 1283 1712 soluat
1297 1658 1414 1713 bannum
1427 1675 1475 1730 pro

306 1746 428 1817 quolibet
446 1757 472 1800 et
490 1746 607 1819 qualibet
624 1746 683 1800 uice
701 1746 750 1800 sol.
769 1745 824 1802 LX
844 1763 886 1818 pp.
914 1759 940 1801 et
958 1745 1003 1800 ille
1021 1745 1067 1818 qui
1092 1746 1206 1801 dedisset
1233 1745 1367 1800 licentium
1388 1745 1475 1802 soluat

305 1835 394 1889 simile
411 1837 540 1890 bonnm

345 1993 403 2066 169.
422 1995 490 2049 Item
509 2005 637 2048 statutum
655 2007 681 2049 et
699 1995 851 2050 ordinatum
869 2007 908 2048 eet
926 1995 998 2067 quod
1016 1994 1104 2066 aliqua
1121 2011 1233 2066 persono
1250 2011 1307 2050 non
1325 1995 1407 2066 possit
1424 2011 1474 2048 nec

306 2085 400 2139 debeat
418 2085 446 2137 in
465 2083 544 2154 protis
563 2099 615 2154 que
633 2095 756 2137 tenentur
773 2101 789 2137 a
807 2084 917 2138 comuni
931 2083 1035 2154 bugelle
1048 2083 1076 2136 in
1089 2083 1242 2138 nemoribus
1253 2084 1343 2155 aliquo
1355 2096 1474 2155 tempore

305 2190 397 2243 sapore
414 2171 501 2226 colere
519 2171 562 2226 uel
581 2173 712 2226 seminare
730 2189 776 2225 seu
795 2171 879 2226 facere
897 2173 1019 2226 reordom
1037 2189 1086 2226 nec
1105 2173 1247 2242 poicheum
1267 2189 1314 2226 seu
1333 2171 1474 2228 defendere

307 2273 448 2332 postquam
467 2259 575 2314 iecerint
593 2259 685 2314 senum
704 2277 753 2314 nec
771 2259 860 2330 aliquo
879 2271 999 2330 tempore
1017 2260 1138 2314 claudere
1155 2277 1201 2314 seu
1219 2260 1307 2314 clausu
1333 2272 1429 2314 tenere.
1449 2273 1476 2314 et

306 2349 352 2420 qui
372 2361 463 2402 contra
482 2349 510 2402 in
529 2347 618 2419 aliquo
637 2348 726 2402 iecerit
744 2348 831 2402 soluat
848 2365 896 2419 pro
914 2347 1032 2420 qualibet
1049 2348 1108 2402 uice
1125 2348 1174 2403 sol.
1194 2349 1251 2404 XX.
1273 2366 1315 2420 pp.
1334 2367 1380 2422 per
1392 2367 1420 2404 se
1432 2349 1475 2404 uel

307 2454 354 2507 per
370 2436 462 2490 alium.

652 2629 701 2684 DE
720 2617 955 2702 eousssrtmjs
973 2661 1006 2671 -
1025 2629 1057 2684 R.
1075 2631 1121 2685 ot

345 2839 402 2894 170.
421 2825 556 2879 statutum
575 2836 601 2878 et
618 2824 772 2879 ordinatum
791 2835 830 2877 est
848 2825 920 2894 quod
938 2823 977 2878 illi
1008 2825 1054 2896 qui
1073 2825 1137 2878 dont
1156 2825 1307 2880 Forestariis
1337 2826 1474 2879 sestarium

308 2929 391 2968 vnum
409 2914 495 2984 panici
515 2929 562 2984 pro
592 2911 735 2967 forestario.
763 2913 827 2966 dent
845 2914 883 2966 eis
902 2913 928 2966 id
947 2913 1018 2984 quod
1038 2913 1172 2967 noluerint
1190 2914 1233 2967 uel
1251 2913 1299 2967 sol.
1319 2914 1351 2966 11.
1371 2931 1412 2984 pp.
1432 2914 1475 2968 uel

307 3002 444 3056 sestarium
463 3001 553 3072 panici
567 3001 601 3056 ud
620 3001 786 3054 uoluntatem
805 3000 914 3055 illorum
932 3001 978 3071 qui
996 3001 1067 3054 dant.
1082 3002 1116 3054 Et
1130 3003 1201 3072 quod
1214 3001 1303 3055 nulius
1316 3002 1476 3056 Forenturius

308 3101 395 3142 tenent
413 3089 508 3142 bestias
526 3105 588 3142 cum
608 3090 683 3142 busto
701 3090 750 3143 sub
768 3105 836 3159 pena
853 3088 902 3142 sol.
921 3089 979 3143 XX.
998 3105 1040 3160 pp.
1060 3105 1107 3160 pro
1132 3089 1249 3162 qualibet
1275 3089 1430 3144 ebdomada.
1449 3102 1476 3144 et

307 3177 425 3231 Incurrat
442 3177 474 3230 In
493 3161 678 3247 pent-statuti.

345 3333 403 3388 171.
422 3319 490 3372 Item
509 3329 637 3372 statutum
656 3320 785 3390 estquod
804 3319 893 3373 nrdlus
911 3320 1003 3374 debeor
1022 3319 1105 3373 iacere
1123 3336 1172 3373 nec
1200 3319 1255 3374 fieri
1286 3319 1370 3374 tacere
1388 3319 1475 3391 aliquo

308 3407 401 3462 roddiu
419 3422 481 3460 cum
500 3406 589 3460 bestiis
607 3422 656 3460 nec
675 3423 736 3460 cum
755 3407 839 3462 bobus
857 3407 936 3462 alicui
955 3408 1170 3462 Forectariontm.
1189 3409 1222 3463 Et
1231 3409 1277 3480 qui
1295 3407 1476 3462 contrafecerit

307 3494 394 3550 soluat
413 3495 531 3548 bannum
557 3493 606 3548 sol.
634 3493 667 3547 V.
695 3511 737 3566 pp.
766 3507 792 3549 et
819 3495 980 3550 forestarius
1008 3497 1054 3566 qui
1072 3497 1197 3568 reciperet
1215 3497 1315 3550 dictum
1333 3496 1475 3550 seruicium

307 3581 393 3637 soluat
412 3584 530 3636 bannum
549 3582 597 3637 sol.
616 3583 648 3636 X.
669 3600 710 3654 pp.
730 3601 778 3655 pro
796 3584 913 3656 qualibet
931 3585 997 3638 uice.
1017 3585 1051 3638 Et
1068 3585 1114 3656 qui
1133 3585 1236 3639 dederit
1252 3587 1341 3640 bibere
1372 3584 1416 3639 uel
1434 3601 1476 3639 co-

307 3672 414 3744 medere
432 3671 596 3726 Forertariiss
614 3672 758 3726 occaxione
776 3689 870 3728 eorum
888 3671 968 3744 officij
988 3672 1075 3726 soluat
1093 3673 1211 3727 bannum
1230 3673 1277 3728 sol.
1298 3673 1330 3729 V.
1349 3691 1391 3746 pp.

345 3845 402 3900 172.
421 3829 489 3885 Item
507 3841 635 3885 statutum
654 3842 693 3884 est
711 3831 783 3902 quod
802 3843 934 3903 ponantur
952 3832 1006 3886 duo
1024 3831 1171 3902 Forestorij.
1190 3831 1237 3903 qui
1252 3831 1345 3904 Jurent
1363 3834 1431 3888 bene
1449 3845 1475 3888 et

307 3916 428 3990 legaliter
446 3917 578 3972 custodire
596 3919 689 3972 omnia
707 3935 818 3973 nemora
836 3919 959 3974 comunis
977 3931 1003 3974 et
1021 3919 1164 3975 hominum
1183 3920 1296 3992 bugelle.
1316 3921 1372 3986 Qui
1390 3921 1476 3980 Fore*

307 4005 377 4076 starij
399 4006 496 4060 habere
514 4005 627 4059 debeam
645 4021 692 4078 pro
711 4005 830 4078 quolibet
848 4006 927 4062 libras
944 4006 974 4061 L.
994 4008 1037 4078 (1)
1056 4024 1098 4079 pp.
1117 4007 1291 4064 Forocoriam
1310 4021 1476 4070 consuetam.

308 4094 357 4148 sub
376 4093 422 4147 uli
440 4093 594 4148 conditione
611 4105 638 4147 et
656 4105 740 4164 pacto.
759 4093 880 4148 videlicet
898 4095 970 4166 quod
988 4096 1010 4148 si
1029 4095 1176 4166 dampnum
1189 4097 1294 4152 durem
1304 4096 1348 4152 uel
1361 4096 1435 4153 fieret
1447 4099 1475 4152 in

335 4267 367 4322 (ι)
380 4265 496 4309 Numeres:
511 4267 534 4309 i..
549 4267 623 4324 priore
637 4266 689 4310 aliut
703 4268 782 4311 rumori
796 4268 844 4312 ioco
858 4268 945 4326 scriptu
959 4269 1045 4314 videtur.
