3978 5546
514 563 546 616 30

549 667 606 724 161.
624 670 693 724 Item
710 681 838 725 statutum
856 681 896 724 eet
913 681 940 724 et
956 668 1109 724 ordinamm
1127 669 1200 742 quod
1217 681 1300 725 sortes
1313 681 1414 726 netem
1426 683 1453 726 et
1464 687 1536 726 noue
1548 673 1678 728 omeitm

510 759 629 830 Orepam
647 775 728 830 quam
746 758 814 812 ultra
832 759 885 812 sint
903 758 934 812 ln
952 759 1042 813 banno
1060 757 1108 813 sol
1127 758 1185 812 XX
1205 759 1444 830 pp.dedieetde
1460 760 1601 814 noctesol.
1620 761 1677 816 XL.

510 865 553 919 pp.
571 849 605 901 Et
622 847 745 902 consules
762 863 818 901 non
837 847 939 918 possint
956 847 1018 900 dare
1036 845 1184 900 licenciam.
1203 848 1255 900 nisi
1273 849 1382 919 quando
1400 849 1627 902 disbandabuntur
1644 851 1679 904 de

510 935 647 989 voluntate
664 936 808 990 credencie.
827 936 860 989 Et
878 935 930 989 hoc
947 951 1003 989 non
1022 933 1186 1006 intelligatur
1202 936 1236 989 de
1253 936 1367 990 sortibus
1384 935 1479 990 canalii
1496 937 1619 992 videlicet
1636 953 1680 992 cu·

510 1023 640 1078 cellarum.
659 1037 686 1078 et
704 1023 927 1078 bertoidanomm
943 1024 985 1078 Ita
1002 1033 1093 1076 tamen
1110 1024 1183 1094 qnod
1200 1023 1251 1094 ipsi
1268 1041 1324 1078 non
1342 1025 1444 1096 poem‘m
1461 1026 1523 1080 dare
1539 1025 1678 1080 licenciam

512 1112 547 1166 de
564 1111 641 1167 dictis
658 1129 753 1166 eorum
771 1113 892 1166 sonibue
910 1112 945 1166 Et
962 1113 984 1166 si
1002 1109 1202 1165 contraiecerint
1220 1112 1326 1167 soluant
1344 1116 1431 1168 bonna
1448 1113 1571 1184 predicta.

549 1251 693 1308 162.1tem
711 1264 839 1308 statutum
857 1252 987 1323 estquod
1005 1252 1097 1306 omnia
1115 1269 1226 1306 nemora
1243 1265 1271 1307 et
1289 1266 1372 1308 sortes
1399 1255 1453 1309 sint
1471 1255 1502 1309 ln
1521 1256 1610 1310 banno
1629 1255 1677 1310 soi.

510 1341 569 1395 XX
588 1357 630 1411 pp.
649 1341 683 1394 de
700 1341 751 1394 die.
770 1351 797 1393 et
813 1340 863 1394 sol
882 1340 938 1394 XL.
958 1357 999 1411 pp.
1019 1340 1052 1393 de
1070 1351 1156 1394 nocte.
1174 1342 1209 1394 de
1226 1341 1313 1395 uiridi.
1332 1353 1359 1395 et
1376 1341 1410 1396 de
1437 1343 1493 1397 sico
1511 1343 1551 1396 sol
1581 1343 1615 1396 V.
1633 1360 1677 1414 pp.

510 1429 544 1481 de
562 1429 606 1482 die
623 1441 649 1482 et
667 1427 715 1482 sol
734 1427 767 1482 X.
786 1445 828 1499 pp.
848 1428 881 1481 de
899 1439 985 1482 nocte
1004 1427 1038 1482 Et
1055 1428 1101 1498 qui
1119 1427 1302 1483 contrafecerit
1318 1429 1406 1483 soluat
1423 1446 1472 1500 pro
1490 1430 1607 1502 qualibet
1619 1432 1678 1486 uice

512 1519 631 1571 bannum
649 1517 804 1588 predictum
822 1517 857 1570 Et
875 1517 999 1570 emendet
1017 1517 1164 1586 dampnum
1182 1517 1250 1572 ultra
1262 1518 1378 1588 predicta
1397 1519 1491 1572 banna.
1504 1518 1539 1572 Et
1556 1519 1678 1574 consules

511 1605 625 1659 debeant
643 1617 669 1658 et
687 1617 827 1658 teneantur
844 1603 929 1658 iacere
943 1603 1035 1674 Jurare
1052 1621 1148 1659 omnes
1166 1606 1301 1658 bestiarios
1319 1623 1440 1660 accusare
1458 1607 1610 1661 consulibus
1628 1623 1677 1662 co·

511 1693 602 1747 munis
619 1709 714 1746 omnes
732 1690 793 1745 illos
810 1708 878 1762 quos
895 1692 1050 1746 Inuenerint
1068 1693 1205 1746 buscantec
1223 1692 1254 1746 ln
1272 1695 1382 1746 comuni
1400 1693 1444 1747 uel
1461 1695 1491 1747 in
1503 1695 1617 1748 sortibus
1635 1695 1678 1749 uel

511 1792 649 1834 inerrantes
668 1781 786 1834 buscum
805 1791 832 1836 et
849 1780 964 1835 habeant
981 1797 1058 1834 suam
1076 1791 1176 1850 partem
1195 1780 1284 1834 banni
1304 1792 1330 1835 et
1343 1781 1456 1836 debeant
1467 1799 1588 1836 accusare
1602 1781 1678 1836 inira.

483 1921 491 1932 ,
512 1869 571 1924 XV.
590 1869 653 1923 dies.

550 2026 608 2098 163.
626 2027 695 2082 Item
713 2039 840 2082 statutum
859 2029 988 2100 estquod
1007 2027 1074 2082 nulli
1092 2043 1204 2099 persone
1221 2028 1278 2082 dari
1295 2027 1378 2098 poenit
1403 2026 1514 2082 licencia
1536 2029 1570 2082 de
1587 2028 1678 2102 aliquo

512 2117 593 2172 busco
611 2117 676 2170 citra
693 2117 782 2170 orium
800 2117 834 2170 de
851 2133 976 2188 nycenay.
995 2128 1022 2170 et
1040 2118 1104 2170 eitra
1121 2129 1243 2172 sanctum
1262 2115 1470 2171 Baitolomeum.
1502 2117 1554 2171 nisi
1572 2119 1679 2189 quando

511 2205 709 2258 disbandabitur
726 2222 773 2275 per
789 2221 912 2258 comune.
931 2205 964 2259 Et
982 2205 1104 2259 consules
1122 2221 1178 2259 non
1196 2206 1298 2276 possint
1309 2207 1371 2259 dare
1384 2204 1522 2259 licenciam
1540 2204 1619 2259 alicui
1637 2223 1679 2277 pe·

514 2294 588 2347 tendi
605 2293 718 2364 gratim
737 2294 770 2346 de
788 2293 859 2346 dicto
878 2293 966 2348 busco.
985 2294 1051 2347 etsi
1069 2292 1164 2364 aliquis
1182 2305 1282 2365 peteret
1309 2294 1431 2365 gratiam
1458 2295 1531 2364 quod
1558 2293 1680 2348 consules

515 2398 571 2435 non
589 2381 732 2453 permitam
749 2381 787 2434 eis
805 2381 921 2452 aliquem
940 2382 1105 2452 respondere

552 2519 609 2588 164
630 2521 698 2576 Item
715 2533 844 2576 statutum
862 2535 901 2576 ect
918 2523 990 2594 quod
999 2539 1095 2576 netnus
1113 2521 1194 2576 brelle
1211 2522 1245 2576 sit
1262 2522 1291 2576 in
1311 2523 1399 2576 banno
1417 2522 1466 2577 sol.
1484 2519 1543 2576 XX
1561 2538 1605 2592 pp.
1623 2531 1679 2574 tam

513 2611 599 2668 sicum
617 2625 699 2681 quam
717 2611 809 2664 uiride.
828 2622 855 2664 et
872 2611 944 2681 quod
962 2610 1035 2664 nulla
1054 2627 1165 2680 persona
1182 2609 1612 2682 possitibipesmrecumbetiie
1631 2625 1680 2663 nec

512 2703 603 2756 erbam
621 2718 695 2756 seire
713 2716 728 2752 a
746 2698 864 2753 kalendis
883 2699 946 2769 maij
965 2698 1081 2768 proximi
1099 2699 1238 2752 venientis
1257 2714 1340 2769 usque
1357 2699 1391 2752 nd
1409 2711 1461 2752 nec
1472 2715 1558 2752 annos
1574 2711 1602 2752 et
1619 2717 1681 2770 qua·

513 2803 575 2846 tuor
593 2806 710 2845 menssec
728 2787 864 2858 proximos
882 2786 1036 2857 completo&
1055 2787 1090 2840 Et
1106 2787 1153 2858 qui
1182 2785 1364 2840 contrafecerit
1394 2785 1480 2840 soluat
1498 2803 1546 2858 pro
1564 2787 1681 2859 qualibet

512 2879 616 2934 uicaria
633 2895 680 2932 seu
699 2876 822 2930 bestiario
841 2873 889 2929 sol.
908 2874 941 2928 X
961 2891 1003 2946 pp.
1022 2886 1049 2928 et
1066 2891 1114 2945 pro
1132 2875 1249 2946 qualibet
1267 2875 1350 2929 bestia
1381 2875 1422 2928 soi
1441 2875 1567 2948 quinque
1586 2892 1628 2947 pp.
1646 2877 1681 2931 Et

513 2967 635 3022 consules
653 2977 792 3020 teneantur
809 2965 945 3035 Inquirere
962 2965 975 3034 (
992 2964 1013 3033 ).

550 3123 607 3192 165.
627 3124 694 3178 item
712 3134 839 3176 statutum
858 3135 898 3176 eet
915 3123 987 3194 quod
1005 3122 1127 3178 consules
1157 3135 1296 3176 teneantur
1325 3138 1417 3193 capere
1435 3139 1530 3176 omnes
1551 3122 1625 3178 saxos
1644 3123 1679 3178 li-

512 3225 629 3283 gnorum
648 3227 714 3282 quos
732 3211 829 3265 scirent
847 3211 890 3265 uel
908 3212 1052 3282 reperirent
1068 3223 1186 3283 portatos
1215 3227 1279 3264 esce
1297 3210 1331 3264 de
1349 3210 1503 3264 nemoribus
1531 3211 1637 3282 bugelle
1655 3225 1682 3266 et

513 3300 599 3354 iacere
614 3299 705 3370 Jurare
723 3311 856 3370 portantes
875 3301 944 3354 dicta
962 3300 1043 3372 ligna.
1061 3301 1096 3354 Et
1113 3300 1135 3353 si
1154 3299 1309 3369 reperiretur
1327 3316 1373 3369 per
1384 3299 1456 3368 ipsos
1468 3298 1680 3370 mosuleequod

514 3390 651 3460 Forentarij
666 3389 786 3442 dederint
796 3389 934 3442 licenciam
953 3389 1031 3444 alicui
1050 3389 1170 3460 portandi
1190 3387 1271 3457 ligna,
1290 3387 1333 3441 uel
1352 3403 1447 3440 nemus
1465 3387 1572 3458 aliquod
1584 3388 1627 3457 (2)
1638 3389 1681 3442 uel

514 3478 655 3549 pecuniam
673 3495 720 3532 seu
738 3477 846 3548 aliquod
864 3479 998 3531 trabutum
1025 3477 1173 3547 occeperint
1199 3477 1241 3546 (2)
1260 3478 1333 3547 quod
1363 3477 1468 3548 exigere
1492 3479 1631 3530 tenuentur
1647 3478 1681 3530 ab

513 3567 589 3638 ipsiss
608 3567 760 3622 romeriis
777 3567 826 3620 sol.
844 3565 901 3620 LX.
920 3583 962 3637 pp.
981 3581 1029 3636 pro
1041 3565 1158 3637 qualibet
1169 3565 1233 3618 vice.
1246 3565 1313 3618 sicut
1324 3565 1477 3619 ordinatum
1490 3577 1529 3618 eet
1541 3581 1586 3636 per
1598 3563 1681 3617 alium

513 3667 650 3709 statutum
669 3655 703 3708 Et
721 3655 835 3725 predicm
854 3654 927 3725 ligna
945 3655 1094 3708 uendentur
1111 3666 1138 3706 et
1164 3653 1355 3724 consignentur
1381 3654 1409 3706 in
1428 3653 1531 3706 ratione
1549 3653 1680 3706 comunis

513 3745 547 3797 Et
565 3744 628 3797 dicti
647 3743 784 3813 Forectarij
804 3742 910 3797 soluant
928 3743 1058 3797 denarios.
1076 3741 1160 3796 XXli.
1179 3758 1221 3813 pp.
1240 3759 1288 3813 pro
1307 3741 1427 3814 quolibet
1445 3740 1506 3796 fixo
1535 3741 1582 3812 qui
1600 3740 1679 3795 fuerit

514 3831 642 3885 Inuentus
659 3847 716 3885 esse
734 3842 851 3901 portatus
868 3831 902 3884 de
920 3830 1025 3884 buschis
1049 3829 1185 3884 deueetie

552 3969 610 4024 166.
629 3971 673 4040 (3)
690 3971 759 4025 Item
777 3981 905 4024 statutum
923 3981 962 4024 est
979 3970 1052 4040 quod
1071 3969 1197 4024 Comune
1214 3968 1337 4040 malpassi
1356 3969 1409 4023 sint
1437 3969 1492 4023 duo
1511 3969 1637 4024 comunia
1655 3982 1682 4024 et

515 4056 620 4110 villalta
639 4058 693 4111 duo
712 4057 854 4111 Comunia.
873 4058 907 4110 Et
924 4057 1094 4111 serramonda
1111 4073 1196 4110 vnum
1214 4057 1347 4111 Comune.
1366 4068 1393 4110 et
1410 4055 1537 4111 solerium
1555 4057 1610 4112 duo
1629 4072 1679 4111 co-

540 4230 572 4285 (ι)
585 4231 609 4272 ln
623 4231 684 4283 hujus
698 4244 743 4285 cap.
757 4231 847 4286 margine
861 4231 957 4285 scriptum
971 4240 1016 4271 est:
1034 4230 1100 4270 rao.

541 4301 573 4355 (a)
587 4301 619 4356 (a)
632 4301 697 4342 Verba
711 4302 760 4343 haee
773 4302 875 4357 postetiu
889 4302 975 4354 adjecta.

541 4375 574 4426 (3)
586 4373 647 4422 Quae
661 4372 812 4428 subsequuntur
825 4371 915 4414 rubricae
929 4371 1017 4427 capitula
1031 4373 1120 4414 niniam
1134 4371 1198 4412 literis
1213 4371 1325 4412 initialibus
1339 4381 1414 4412 errent.
