4040 5540
477 662 527 717 DE
544 661 680 718 PLACIO
698 660 746 716 ET
763 658 997 716 ORNAMENTA
1014 659 1104 716 EIUS.
1124 690 1156 700 -
1176 660 1207 715 R.
1226 661 1271 715 XI.

323 853 379 908 182.
399 853 534 909 statutum
551 866 578 908 et
595 853 748 908 ordinatum
765 865 804 908 est
822 853 894 924 quod
912 851 985 907 nulla
1004 867 1115 922 persona
1132 853 1226 907 debeat
1243 868 1332 906 emere
1349 852 1449 924 aliquid

283 942 311 996 in
330 942 373 996 die
391 942 460 996 iouis
478 953 564 1014 preter
581 942 716 1014 lignamen
744 953 816 996 extra
843 953 930 1012 portas
960 940 1045 1012 placij.
1065 941 1209 995 occaxione
1235 940 1398 994 reuendendi
1419 941 1447 995 in

284 1031 377 1084 eadem
395 1031 488 1102 specie.
507 1029 536 1083 in
554 1047 607 1103 qua
633 1031 754 1084 emerint
781 1029 815 1084 Et
842 1030 888 1100 qui
906 1027 1088 1084 contrafecerit
1115 1028 1202 1082 soluat
1220 1045 1267 1100 pro
1286 1027 1404 1100 quolibet
1422 1041 1449 1084 et

283 1116 399 1191 quaIIbet
417 1117 476 1172 uice
493 1117 542 1172 sol.
561 1118 595 1172 V.
613 1134 655 1190 pp.
674 1117 708 1172 Et
725 1117 847 1172 consules
865 1129 1004 1171 teneantur
1022 1117 1162 1188 inquirere.

320 1258 376 1327 183.
395 1259 463 1314 Item
480 1267 608 1313 statutum
626 1258 755 1330 estquod
774 1269 920 1312 mercatum
940 1253 1017 1311 bladi.
1048 1257 1256 1329 leguminomnt.
1275 1269 1302 1311 et
1320 1257 1381 1310 salis
1399 1256 1444 1312 fiat

279 1345 347 1400 iusta
365 1345 477 1400 domum
496 1347 625 1401 comunis.
645 1359 671 1400 et
688 1347 716 1400 in
736 1347 895 1417 portucubus
913 1357 940 1399 et
958 1344 1070 1416 platheis
1088 1344 1184 1400 domus
1211 1345 1292 1415 ipsius
1310 1345 1440 1398 comunis.

279 1434 312 1488 Et
329 1434 375 1504 qui
393 1432 574 1488 contrafecerit
591 1434 678 1488 soluat
695 1435 814 1488 bannum
833 1445 936 1504 emptor
954 1445 981 1486 et
998 1433 1122 1486 uenditor
1139 1449 1187 1503 pro
1205 1431 1324 1505 quolibet
1336 1444 1363 1486 et
1381 1449 1442 1504 qua-

278 1521 342 1576 libet
359 1521 418 1575 uice
444 1521 492 1575 sol.
512 1522 544 1575 V.
567 1539 609 1594 pp.
628 1523 745 1593 Excepto
772 1520 844 1594 quod
871 1521 982 1593 quilibet
1000 1522 1082 1592 possit
1099 1537 1188 1575 emere
1206 1521 1251 1574 ubi
1270 1519 1385 1575 uoluerit
1402 1537 1439 1574 se·

280 1609 398 1664 cundum
416 1609 488 1681 quod
507 1623 665 1666 consuetum
683 1621 722 1664 est
740 1626 788 1682 pro
807 1624 856 1663 suo
874 1609 983 1680 proprio
1002 1625 1059 1663 usu

318 1751 375 1818 184.
393 1751 461 1804 Item
479 1763 607 1805 statutum
625 1763 664 1806 est
682 1751 754 1822 quod
772 1750 867 1822 aliquis
885 1751 970 1805 homo
988 1767 1043 1804 non
1063 1751 1163 1804 debeat
1182 1765 1231 1804 nec
1249 1749 1298 1803 sibi
1311 1748 1388 1803 liceat
1407 1749 1441 1804 l-

279 1855 338 1892 cere
357 1839 399 1892 uel
418 1851 508 1893 tenere
525 1839 643 1910 aliquam
661 1851 827 1910 coperturarrr
845 1838 897 1892 nisi
915 1839 949 1892 de
966 1839 1039 1909 cupis
1052 1838 1120 1892 intra
1132 1838 1227 1892 fossata
1240 1837 1315 1908 placij
1328 1837 1441 1909 bugelle.

278 1926 320 1980 uel
338 1925 390 1980 nisi
408 1927 441 1979 de
458 1927 586 1981 axidibus.
605 1928 654 1980 sub
672 1927 767 1998 quibus
785 1925 905 1980 axidibus
923 1941 978 1980 non
997 1925 1042 1980 fiat
1060 1926 1138 1996 ignis.
1157 1927 1191 1980 Et
1202 1925 1251 1998 qui'
1262 1924 1442 1980 contrafecerit

276 2013 362 2068 soluat
380 2015 498 2068 bannum
516 2014 564 2068 sol.
583 2015 642 2070 XX.
651 2031 694 2085 pp.
703 2014 737 2069 Et
749 2013 871 2069 consules
889 2025 1028 2067 teneantur
1046 2015 1085 2068 bIs
1103 2014 1131 2068 in
1144 2030 1216 2068 anno
1234 2029 1343 2085 querere
1354 2025 1441 2068 totum

275 2103 399 2172 burgum.
418 2115 444 2156 et
462 2102 484 2155 si
503 2103 667 2156 Inueniretur
684 2101 772 2173 aliqua
790 2100 892 2156 edificia
910 2114 1015 2172 coperta
1033 2101 1085 2160 alla
1103 2120 1131 2156 re
1149 2119 1230 2174 quam
1248 2101 1282 2156 de
1305 2101 1378 2171 cupis
1397 2101 1440 2154 uel

277 2191 310 2242 de
328 2189 447 2243 axidibus
466 2188 561 2244 fodant
580 2189 624 2244 illa
643 2189 772 2244 comburi.

313 2331 371 2399 185.
389 2331 457 2385 Item
475 2341 602 2385 statutum
621 2341 660 2384 est
677 2331 749 2401 quod
769 2331 857 2385 nullus
875 2332 969 2386 debeat
987 2349 1086 2402 ponere
1104 2331 1204 2386 fenum.
1223 2331 1317 2402 palens.
1337 2330 1438 2384 frascas.

275 2435 360 2488 neque
378 2417 462 2472 facere
480 2431 608 2472 mmatam
627 2417 776 2474 frascamtn.
795 2436 873 2490 super
900 2432 1014 2490 strayam
1041 2437 1091 2474 nec
1118 2435 1196 2490 super
1222 2419 1348 2474 solarium
1366 2420 1438 2490 quod

273 2507 307 2560 sit
324 2523 402 2576 super
419 2506 491 2559 triam
510 2506 585 2576 placij
614 2506 657 2575 (r)
675 2523 724 2560 nec
752 2506 823 2577 plani
842 2508 884 2577 (1)
903 2507 955 2562 nIsi
972 2506 1099 2561 solarium
1123 2519 1190 2561 esset
1208 2509 1384 2562 butumatum.
1403 2507 1437 2562 Et

273 2593 318 2665 qui
336 2591 517 2648 contrafecerit
534 2592 620 2647 soluat
638 2594 757 2648 bannum
775 2593 824 2648 sol.
842 2594 900 2649 XX.
920 2611 962 2666 pp.
981 2607 1008 2648 et
1025 2607 1115 2665 postea
1133 2593 1243 2649 aufferat
1261 2594 1383 2666 predicta.

310 2732 367 2790 186.
385 2733 453 2788 Item
471 2745 598 2788 statutum
617 2733 745 2806 estquod
764 2733 859 2806 aliquis
877 2751 932 2788 non
951 2735 1037 2802 trahat
1055 2735 1153 2806 lapides
1171 2752 1219 2789 nec
1247 2735 1345 2807 aliquid
1364 2735 1436 2790 aliud

270 2836 347 2890 super
366 2820 552 2874 mercandiam.
572 2821 724 2875 boecanam.
744 2839 793 2874 nec
811 2821 975 2893 calegariam.
1005 2839 1054 2876 nec
1080 2839 1158 2893 super
1176 2821 1293 2894 aliquam
1322 2823 1435 2877 domum

270 2907 382 2980 bugelle.
401 2908 435 2961 Et
452 2909 498 2979 qui
516 2908 697 2963 contrafecerit
714 2909 801 2963 soluat
820 2911 938 2964 bannum
957 2909 997 2964 sol
1015 2910 1048 2964 V.
1067 2927 1109 2980 pp.
1140 2911 1173 2964 de
1192 2910 1242 2965 die.
1261 2922 1288 2964 et
1306 2911 1339 2966 de
1356 2923 1435 2966 noae

270 2994 319 3048 sol.
337 2995 395 3049 XX.
414 3013 456 3067 pp.
474 3008 502 3049 et
519 3007 609 3066 postea
627 2997 750 3050 emendet
767 2997 922 3069 dampnum.

307 3137 363 3204 187.
382 3137 450 3189 Item
468 3148 596 3190 statutum
608 3149 647 3190 est
659 3137 730 3207 quod
742 3137 788 3208 qui
802 3137 891 3191 fecerit
903 3138 1011 3210 aliquod
1030 3153 1191 3194 montorium
1211 3139 1289 3194 leami
1303 3141 1331 3193 irr
1346 3139 1431 3210 placIo

268 3223 384 3277 adonio
398 3222 489 3293 Jacobi
508 3224 613 3276 sartoris
631 3223 698 3278 infra
716 3237 820 3280 tantum
839 3239 968 3297 quantum
986 3229 1062 3281 durat
1091 3229 1206 3281 beccaria
1233 3227 1326 3281 debeat
1344 3228 1431 3298 ipsum

266 3323 410 3380 asportasse
428 3311 495 3364 infra
514 3311 590 3365 Vlll⁰
608 3313 664 3367 dies
683 3325 822 3384 postquam
853 3313 943 3368 fecerit
969 3316 1057 3386 ipsum
1088 3327 1251 3370 montonem
1270 3315 1314 3368 ibl.
1333 3316 1367 3369 Et
1384 3317 1430 3386 qui

267 3399 448 3452 contrafecerit
465 3399 551 3454 soluat
569 3400 688 3455 bannum
705 3401 753 3454 sol.
774 3401 806 3455 V.
825 3421 867 3474 pp.
887 3401 942 3468 Qui
961 3415 1050 3458 autem
1069 3403 1158 3460 fecerit
1176 3417 1337 3459 montorium
1350 3403 1429 3458 leami

266 3487 294 3541 in
307 3487 397 3559 aliquo
415 3485 468 3542 alio
481 3487 542 3541 loco
554 3487 639 3558 placij.
653 3488 746 3543 debeat
764 3491 852 3561 ipsum
870 3505 1014 3564 asportasse
1032 3491 1106 3546 infra.
1120 3493 1178 3547 XV.
1191 3493 1246 3546 dies
1265 3493 1349 3563 etqui
1367 3509 1429 3546 corr·

263 3573 393 3629 traiecerit
411 3574 499 3629 soluat
517 3577 636 3631 bannum
654 3576 703 3630 sol.
722 3577 754 3630 II.
772 3595 816 3649 pp.
836 3591 862 3633 et
880 3579 1001 3634 consules
1028 3596 1123 3634 omnes
1140 3579 1221 3634 slmul
1248 3581 1349 3651 possint
1367 3580 1429 3635 dare

264 3660 403 3716 licenciam
421 3679 469 3733 pro
487 3663 648 3718 necessitate.
667 3664 706 3718 Ita
724 3676 814 3720 tamen
833 3667 905 3738 quod
923 3684 979 3722 non
998 3667 1044 3721 fiat
1055 3667 1163 3740 aliquod
1176 3668 1428 3722 montonumleami

263 3750 305 3819 (2)
324 3767 339 3802 a
358 3749 470 3804 macello
489 3752 622 3821 usquead
641 3753 753 3806 domurn
769 3754 859 3824 Jacobi
878 3754 921 3825 (2)
939 3756 988 3810 sub
1006 3756 1095 3810 banno
1113 3755 1163 3810 sol.
1181 3757 1213 3810 V.
1233 3773 1276 3828 pp.
1297 3773 1347 3810 nec
1364 3756 1427 3810 inde

263 3838 344 3907 possit
353 3837 442 3891 haberi
456 3836 565 3892 lIcencia
577 3840 629 3893 alsi
640 3841 726 3895 standi
739 3859 785 3912 per
794 3855 855 3897 octo
864 3843 920 3896 dies
929 3843 1075 3898 videlicetu
1087 3844 1170 3898 domo
1180 3845 1325 3914 Johantrini
1335 3844 1427 3900 Vcelle

261 3937 288 3978 et
305 3923 383 3978 furno
401 3924 492 3980 alberti
512 3927 629 3998 burserij.
657 3931 791 4001 usquead
818 3931 931 3986 domum
955 3931 1046 4001 Jacobi
1070 3931 1148 4002 Judei
1165 3933 1198 3986 ab
1217 3943 1326 4006 utraque
1345 3945 1424 4005 parte.

262 4012 295 4066 Et
312 4011 434 4067 consules
452 4025 590 4070 teneantur
608 4016 740 4088 inquirere
757 4017 779 4072 si
798 4018 835 4074 eis
853 4018 932 4074 fuerit
948 4019 1141 4076 denuntiatum

287 4182 319 4236 (¹)
332 4182 366 4236 (¹)
378 4183 472 4238 Adiectio
486 4189 595 4241 poetam

285 4253 318 4308 (ι)
330 4254 361 4308 (2)
374 4253 441 4297 Verisa
454 4259 559 4312 posteritas
572 4259 687 4302 obliterata.
