3918 5554
1381 517 1431 574 ²45

266 645 314 700 pro
333 627 450 700 qualibet
467 627 526 682 uice
543 627 643 681 solidos
662 627 694 681 V.
714 625 887 698 papiensium.
906 627 940 680 Er
957 625 1069 698 quilibet
1086 637 1206 682 tenentur
1223 627 1363 682 obsensare
1387 643 1434 698 per

265 729 470 774 sacramentum.

306 891 345 946 17.
364 877 432 930 Item
450 887 578 930 staturum
596 887 636 930 est
654 874 736 940 Quod
755 873 895 930 Clausrius
912 887 939 930 et
957 873 1089 930 Consules
1109 877 1191 930 reteri
1220 887 1361 931 emuntur
1389 893 1436 947 per

267 975 461 1018 sacramentum
480 962 548 1018 inira
566 962 628 1018 XV.
647 963 703 1018 dies
722 975 781 1033 post
799 962 895 1018 festum
914 963 998 1018 uncti
1017 963 1124 1018 martini
1142 963 1253 1019 soluisse
1272 963 1397 1019 Clanario
1408 974 1435 1017 et

267 1051 430 1106 Consulibus
447 1051 526 1106 nouis
544 1063 631 1104 tomm
653 1051 679 1104 id
698 1053 770 1122 quod
788 1068 867 1122 super
885 1052 1049 1107 habundaret
1067 1051 1200 1123 Collegio.
1219 1051 1274 1106 Sub
1294 1053 1383 1106 banno
1396 1068 1436 1106 so·

268 1139 384 1194 lidorum
402 1139 435 1193 V.
455 1139 620 1210 papiensium
639 1139 823 1211 proqnlibet
842 1140 999 1211 edogrnada.
1018 1139 1052 1193 Et
1069 1139 1122 1195 hoc
1140 1157 1195 1194 non
1214 1141 1296 1211 possit
1314 1141 1379 1212 poni
1407 1142 1435 1194 in

269 1227 401 1298 eollegio,
420 1226 502 1282 Saluo
520 1227 592 1298 quod
611 1229 655 1282 det
674 1243 787 1298 pugnus.

308 1386 347 1440 18.
366 1387 434 1441 Item
453 1398 580 1442 statutum
599 1399 639 1442 est
656 1387 729 1458 quod
742 1386 832 1441 nullus
845 1386 999 1458 Calegarius
1011 1387 1106 1442 debeat
1117 1403 1206 1442 emere
1219 1403 1268 1442 nec
1280 1388 1335 1442 emi
1352 1387 1438 1444 laone

270 1474 371 1546 aliquas
388 1475 469 1546 pelles
487 1491 566 1546 super
584 1475 679 1530 bestias
697 1491 746 1528 nec
764 1473 872 1546 aliquod
891 1475 1019 1540 Coreum,
1039 1477 1072 1530 Et
1089 1475 1136 1548 qui
1155 1475 1337 1532 conualeeerit
1350 1477 1438 1532 soluat

269 1579 316 1634 pro
334 1563 454 1633 quolibet
472 1563 561 1618 Coreo
579 1564 679 1618 solidos
697 1563 731 1628 X,
750 1563 916 1634 papiensium
935 1575 961 1618 et
980 1579 1028 1634 pro
1039 1563 1157 1634 qualibet
1175 1563 1244 1636 pelle
1274 1564 1375 1620 solidos
1401 1564 1438 1636 lJ.

267 1649 434 1720 papiensium
452 1667 500 1722 pro
517 1665 568 1706 suo
584 1663 758 1706 sacramento.

307 1825 347 1882 19.
365 1809 433 1864 Item
452 1810 524 1881 quod
542 1809 632 1864 nullus
650 1810 743 1864 debeat
761 1825 850 1864 emere
870 1809 977 1882 aliquod
995 1810 1114 1866 Coreum
1132 1827 1182 1866 nec
1199 1810 1317 1882 aliquam
1341 1811 1438 1883 pellem

268 1898 442 1952 calcinannem
461 1899 510 1952 sub
528 1899 617 1952 bnorm
635 1914 683 1969 pro
701 1897 820 1968 quolibet
838 1897 927 1953 Coreo
945 1899 1092 1952 solidorum
1111 1897 1147 1953 X.
1161 1899 1335 1970 papiensium.
1347 1899 1438 1970 Etpro

269 1987 386 2058 qualibet
404 1985 472 2056 pelle
487 1985 587 2041 solidos
605 1986 638 2058 lJ.
648 1987 821 2058 papiensium.
834 1987 868 2042 Et
885 1987 996 2058 quilibet
1016 1999 1193 2058 teneaturpro
1205 2003 1255 2042 suo
1265 2001 1438 2042 saernmenm.

308 2159 349 2199 20.
369 2145 436 2200 Item
454 2157 582 2200 statutum
601 2157 639 2198 est
658 2145 730 2216 quod
749 2145 887 2200 Clauanm
905 2157 931 2200 et
950 2144 1082 2200 Consules
1100 2147 1213 2200 debeant
1242 2158 1269 2200 et
1301 2159 1440 2200 teneantur

271 2233 354 2287 lacere
372 2235 448 2287 omni
466 2249 539 2290 anno
556 2235 585 2287 io
604 2233 695 2302 vigilia
713 2233 796 2288 sancti
814 2234 865 2286 vrsi
885 2250 969 2288 unum
989 2235 1091 2288 bonurn
1109 2233 1277 2288 anniuersale
1289 2251 1337 2306 pro
1349 2235 1439 2288 anima

270 2322 378 2376 illorum
396 2322 442 2392 qui
460 2321 598 2392 quondam
616 2320 722 2375 suerunt
740 2322 774 2375 de
791 2321 863 2376 dicto
882 2321 1006 2391 Collegio
1024 2333 1051 2376 et
1069 2322 1114 2392 qui
1141 2323 1270 2376 dedenmt
1288 2321 1440 2377 Consilium

269 2421 296 2462 ei
314 2409 490 2464 adluctorium
508 2409 605 2463 eidem.
623 2408 657 2463 Et
675 2409 711 2462 ibi
730 2409 782 2462 sint
801 2425 895 2462 omnes
914 2409 1044 2480 Colegnrij
1065 2409 1099 2462 dc
1119 2409 1236 2482 bugella,
1264 2409 1298 2464 Et
1327 2411 1441 2464 debeant

275 2495 370 2550 offerre
388 2497 527 2551 denarium
546 2514 628 2550 vnum
648 2513 695 2567 pro
714 2496 833 2568 quolibet
851 2497 884 2550 Et
902 2496 947 2550 ille
966 2497 1011 2567 qui
1030 2512 1085 2550 non
1104 2495 1183 2552 fueris
1204 2497 1291 2552 soluat
1321 2499 1440 2552 bannum

269 2584 416 2638 solidorum
434 2583 466 2654 [J.
486 2584 660 2654 papiensium.
679 2583 762 2648 Quod
781 2585 900 2638 bannum
919 2583 1056 2654 perueniat
1074 2583 1102 2637 in
1121 2585 1193 2640 dicto
1212 2583 1337 2658 eollegio
1355 2583 1438 2638 Cale·

271 2688 415 2742 gononum.

305 2847 348 2886 21.
367 2832 434 2886 Item
452 2829 661 2886 meliorauerunt
679 2830 817 2902 Sapientes
835 2829 961 2902 eollegij,
980 2831 1053 2903 quod
1072 2830 1162 2886 nullus
1181 2829 1335 2904 Calegarius
1347 2830 1441 2886 debeat

270 2937 359 2974 emere
377 2935 426 2974 nec
444 2920 498 2974 emi
517 2919 601 2974 facere
619 2919 727 2992 aliquod
745 2919 864 2975 Coreum
882 2919 1003 2990 peiorem
1021 2935 1099 2974 eausa
1118 2920 1280 2974 reuendendi
1299 2919 1440 2992 abaliquo.

270 3009 304 3064 Et
321 3007 367 3081 qui
385 3007 567 3063 contrafecerit
585 3008 671 3063 soluat
690 3025 737 3080 pro
755 3008 877 3080 quolibet
893 3007 982 3063 Coreo
999 3007 1100 3063 solidos
1117 3007 1152 3064 X.
1171 3009 1346 3079 papiensium.

306 3199 348 3238 22.
367 3183 438 3239 Item
457 3195 585 3238 staturum
603 3196 643 3237 est
656 3183 738 3247 Quod
751 3183 905 3254 Calegarius
918 3199 973 3238 non
987 3183 1080 3236 debeat
1093 3181 1193 3254 aperire
1205 3199 1285 3238 suum
1299 3181 1442 3238 Rusolium

272 3273 300 3328 io
319 3273 362 3327 die
380 3272 517 3326 dominico
536 3287 612 3326 causa
631 3271 763 3326 vendendi
783 3271 936 3326 subsellaria
954 3287 1003 3326 nec
1016 3271 1110 3325 debeat
1121 3283 1218 3326 aenae.
1231 3271 1385 3326 subtellares
1396 3271 1443 3326 tali

272 3360 355 3414 modo
373 3360 445 3431 quod
464 3371 605 3430 appareant
623 3359 656 3412 de
674 3359 716 3412 vin
735 3358 867 3414 Comuois
885 3359 934 3414 sub
953 3375 1020 3430 pena
1038 3359 1186 3414 solidorum
1205 3359 1238 3413 V.
1257 3371 1284 3414 et
1302 3360 1374 3431 quod
1393 3375 1443 3413 ser·

271 3449 342 3502 uitor
359 3449 405 3520 qui
424 3447 520 3502 missus
537 3446 616 3501 luerit
634 3447 743 3500 licencia
762 3446 888 3502 Consulis
906 3447 991 3500 dictus
1006 3445 1119 3500 seruitor
1132 3459 1252 3502 teneatur
1263 3463 1385 3502 accusare
1397 3463 1444 3518 per

271 3553 351 3592 suum
369 3548 573 3592 sacramentum
592 3535 664 3590 Etsi
683 3534 796 3590 seruitor
813 3533 904 3590 feeerit
921 3535 988 3589 scire
1005 3535 1084 3590 alicui
1103 3547 1247 3606 antequam
1265 3536 1345 3606 jueris
1362 3535 1444 3590 essei-

271 3625 341 3680 uerit
357 3637 385 3680 et
401 3624 576 3680 denuncians
594 3623 673 3678 luerit
690 3623 777 3680 soluat
795 3625 915 3680 monum
933 3623 1081 3680 solidorum
1094 3623 1127 3677 V.
1142 3623 1309 3694 papiensium
1322 3639 1370 3694 pro
1382 3637 1444 3693 qua·

272 3714 337 3769 libet
355 3714 422 3768 uice

309 3903 351 3960 23.
370 3889 438 3944 item
455 3899 584 3944 statutum
602 3889 732 3960 estquod
750 3887 840 3943 nulus
857 3886 1012 3958 cneganos
1024 3885 1118 3940 debeat
1130 3901 1219 3940 emeoe
1231 3901 1280 3940 nec
1292 3885 1347 3942 emi
1359 3885 1444 3942 saeue

272 3993 354 4049 prope
373 3977 512 4049 bugellanr
530 3993 576 4048 per
594 3977 639 4030 Vl.
658 3975 772 4030 miliaria
790 3978 823 4031 de
842 3977 989 4046 rebusque
1007 3973 1206 4045 ponamini
1224 3973 1345 4028 officium
1370 3973 1445 4030 Cale·

272 4066 346 4137 garie
364 4067 412 4121 sub
431 4077 543 4136 penset
561 4066 651 4119 banrm
668 4062 817 4120 solidorum
829 4063 865 4120 X.
884 4063 1050 4136 papiensium
1069 4077 1118 4133 pro
1136 4063 1252 4133 qualibet
1271 4063 1337 4118 uice.

309 4255 351 4308 24
371 4241 438 4296 item
456 4241 529 4312 quod
547 4237 638 4295 nullus
659 4237 814 4310 megarius
831 4249 965 4310 pressim
983 4237 1022 4308 ire
1040 4235 1072 4292 ad
1091 4235 1267 4292 laborandum
1286 4247 1359 4290 extra
1388 4233 1444 4288 bu-

275 4329 373 4400 gellam
391 4331 425 4384 de
443 4328 532 4385 officio
550 4327 690 4401 Calegarle
707 4327 765 4384 Nisi
783 4339 862 4382 staret
880 4338 907 4381 et
924 4325 1054 4382 babitaret
1072 4337 1144 4382 extra
1163 4323 1302 4397 Bugellam
1314 4341 1376 4380 cum
1390 4335 1444 4378 tota
