3918 5554
564 549 617 604 274

601 656 641 726 36.
660 657 728 710 Item
747 657 818 728 quod
838 655 969 710 Consules
987 656 1101 709 debeant
1118 653 1217 725 eligere
1234 664 1348 724 quatuor
1365 653 1398 706 ad
1410 651 1730 708 satisfacionemSindicis

563 745 584 800 si
602 761 670 817 quos
688 745 749 800 facti
767 744 873 800 fuctum
891 761 938 816 per
955 745 1081 799 Comune
1099 743 1216 798 beccarie
1233 743 1267 796 de
1285 742 1374 795 labore
1392 752 1420 794 et
1437 741 1511 813 briga
1528 757 1632 798 eorum

600 905 640 974 37.
659 904 726 958 Item
745 915 872 958 statutum
891 903 1020 974 estquod
1038 903 1060 956 si
1084 904 1143 974 quis
1172 902 1288 957 noluerit
1318 903 1403 957 facere
1428 901 1564 973 sequelam
1594 913 1624 955 ut
1650 917 1728 972 supra

562 993 664 1048 dicrum
683 1005 722 1047 est
739 993 768 1046 in
786 1004 885 1046 statuto
903 991 1011 1063 sequele
1029 1007 1084 1046 non
1103 993 1136 1046 sit
1154 991 1248 1045 Sol-ius
1266 991 1383 1046 beccarie
1400 993 1446 1046 sed
1464 991 1499 1045 sit
1516 1005 1564 1060 pro
1582 989 1630 1044 illo
1657 1005 1729 1044 anno

562 1098 616 1152 quo
634 1081 733 1136 steterit
751 1081 784 1134 ad
803 1079 955 1134 faciendum
973 1079 1071 1133 dictam
1089 1078 1224 1149 sequelam
1242 1079 1363 1133 exclusus
1381 1080 1414 1132 ab
1432 1078 1509 1132 omni
1527 1077 1638 1132 vtilitate
1656 1077 1727 1130 dicte

563 1169 686 1222 beccarie.
705 1169 738 1222 Et
757 1167 829 1239 quod
841 1166 937 1238 aliquis
946 1167 1125 1220 bercariarum
1138 1183 1194 1220 non
1207 1167 1301 1220 debeat
1310 1167 1372 1220 dare
1383 1165 1540 1220 conscilium
1553 1163 1597 1218 uel
1609 1163 1728 1218 fauorem

562 1259 590 1311 in
610 1258 686 1310 rebus
704 1255 895 1327 pertinentibus
913 1255 1037 1308 beccarie.
1056 1254 1090 1308 Et
1107 1267 1197 1324 postea
1215 1254 1302 1308 soluat
1320 1256 1439 1308 bannum
1457 1253 1503 1307 ille
1520 1253 1566 1324 qui
1576 1253 1730 1322 prestauerit

562 1346 586 1398 ei
605 1345 747 1399 consilium
765 1343 913 1398 solidorum
931 1341 968 1397 X.
986 1341 1160 1413 papiensium.

602 1503 643 1572 38.
661 1502 730 1556 Item
749 1513 798 1557 etc.
817 1502 831 1572 (
847 1503 869 1572 ).

599 1676 639 1731 39.
658 1660 726 1714 Item
744 1671 872 1714 statutum
890 1671 929 1712 est
947 1659 1019 1730 quod
1037 1657 1126 1712 nullus
1145 1659 1277 1712 beccarius
1296 1657 1405 1730 Bugelle
1424 1657 1517 1711 debeat
1535 1655 1579 1710 uel
1597 1666 1730 1728 presumat

561 1749 684 1802 scortiare
702 1747 802 1818 aliquas
821 1747 916 1800 bestias
933 1763 983 1800 nec
1001 1747 1081 1799 etiam
1100 1745 1164 1816 poni
1182 1745 1315 1816 dimittere
1333 1745 1434 1818 aliquas
1452 1761 1543 1800 manus
1570 1761 1649 1814 super
1667 1743 1728 1796 ban-

560 1835 617 1890 chis
635 1851 684 1888 nec
703 1835 731 1888 in
748 1835 925 1905 trauersagnis
942 1850 1036 1887 eorum
1055 1834 1082 1886 in
1102 1834 1218 1887 beccaria
1236 1833 1315 1887 alicui
1334 1835 1380 1904 qui
1398 1851 1454 1887 non
1472 1834 1506 1888 sit
1524 1833 1657 1886 becmrius
1672 1833 1730 1885 bec·

561 1922 630 1976 carie
649 1921 766 1992 Bugelle.
796 1923 829 1975 Et
856 1923 902 1992 qui
934 1920 1115 1974 contrafecerit
1144 1921 1231 1974 soluat
1261 1937 1308 1992 pro
1327 1923 1416 1976 banno
1434 1937 1482 1991 pro
1500 1919 1619 1992 quolibet
1637 1933 1663 1974 et
1681 1936 1729 1990 pro

561 2010 678 2081 qualibet
696 2009 754 2062 uice
772 2010 844 2080 quod
862 2009 896 2062 de
913 2009 966 2062 boc
984 2021 1052 2062 esset
1069 2021 1204 2062 accusatus
1231 2009 1275 2062 uel
1302 2009 1477 2064 denunciatus
1504 2008 1605 2062 solidos
1632 2008 1665 2062 K
1687 2025 1729 2078 pa·

562 2099 704 2169 piensiunr.
722 2099 756 2151 Et
774 2097 905 2152 Consules
922 2108 1063 2150 teneantur
1080 2097 1220 2167 inquirere.
1239 2098 1279 2150 Eo
1297 2097 1373 2152 saluo
1391 2097 1498 2168 qnodsi
1512 2095 1608 2166 aliquis
1626 2097 1660 2150 de
1679 2097 1728 2150 uu·

562 2186 631 2258 gella
651 2187 730 2239 uellet
740 2185 823 2240 facere
832 2185 940 2256 aliquod
953 2186 1110 2238 conuiuium
1124 2187 1195 2254 quod
1206 2185 1318 2255 quilibet
1329 2186 1448 2256 ipsorum
1461 2184 1640 2240 beccariorum
1659 2186 1726 2240 berre

562 2276 644 2346 possit
662 2276 786 2329 scortiare
804 2275 828 2327 ei
847 2274 971 2328 habendo
989 2273 1124 2326 licentiam
1143 2289 1158 2325 a
1177 2273 1339 2327 Consulibus
1357 2287 1383 2327 et
1401 2273 1532 2328 Consules
1551 2273 1652 2344 possint
1664 2273 1725 2326 dare

561 2363 697 2417 licentiam
716 2363 749 2417 de
767 2362 892 2416 omnibus
910 2361 1087 2431 infrascriptis.

600 2537 644 2588 40.
663 2523 731 2576 Item
749 2533 877 2576 statutum
895 2533 934 2574 est
952 2521 1024 2592 quod
1043 2536 1125 2574 neruo
1144 2523 1237 2576 debeat
1255 2521 1339 2575 facere
1357 2537 1406 2575 nec
1424 2521 1512 2576 dicere
1523 2522 1640 2594 aliquam
1652 2523 1725 2594 iniu-

563 2612 629 2664 riam
650 2609 812 2664 Consulibus
830 2610 936 2678 pamtici
955 2610 1012 2662 siue
1030 2608 1136 2679 Collegi
1155 2609 1224 2662 dicte
1242 2610 1358 2663 beccarie
1385 2609 1496 2664 lacendo
1526 2611 1637 2681 negocia
1666 2611 1729 2664 dicti

563 2699 668 2769 paratici
687 2699 744 2750 siue
774 2695 888 2767 Collegij
917 2697 950 2750 Et
976 2698 1023 2767 qui
1051 2696 1232 2778 contrafecerit
1260 2697 1346 2750 soluat
1366 2714 1413 2767 pro
1432 2698 1552 2768 quolibet
1570 2712 1596 2752 et
1614 2698 1729 2770 qualibet

562 2787 622 2839 uice
640 2784 740 2838 solidos
759 2783 816 2838 XX.
836 2784 1010 2855 papiensium.

597 2959 641 3010 41.
660 2945 727 2998 Item
745 2954 873 2997 statutum
891 2955 930 2996 est
948 2944 1020 3013 quod
1039 2941 1128 2995 nullus
1147 2943 1279 2996 beccerius
1297 2944 1391 2997 debeat
1420 2943 1504 2998 facere
1522 2943 1639 3014 aliquam
1658 2943 1731 2997 sche

563 3046 652 3086 natam
672 3032 716 3086 uel
735 3032 842 3086 bassam
861 3032 1022 3101 porchorum
1041 3031 1091 3084 nisi
1110 3031 1309 3096 conuenienter,
1328 3033 1381 3086 hoc
1398 3045 1438 3086 est
1455 3033 1563 3102 quando
1576 3033 1647 3102 porci
1666 3045 1728 3086 sunt

563 3122 591 3173 in
611 3122 708 3174 banno.
727 3121 760 3174 Et
778 3119 824 3192 qui
843 3119 1024 3174 contrafecerit
1042 3119 1128 3174 soluat
1147 3121 1265 3173 bannum
1284 3121 1432 3174 solidorum
1450 3121 1483 3174 V.
1503 3121 1677 3191 papiensium.

591 3311 632 3361 42.
650 3297 718 3350 Item
736 3307 864 3350 statutum
882 3296 1011 3365 estquod
1030 3295 1052 3348 si
1071 3295 1165 3365 aliquis
1184 3296 1318 3348 beccarius
1337 3295 1410 3348 uadit
1429 3296 1462 3348 ad
1476 3293 1627 3350 faciendum
1646 3297 1729 3350 rixam

562 3385 596 3436 ad
615 3385 748 3437 bancltum
767 3383 873 3436 alterius
891 3384 1000 3453 beccarij
1020 3383 1063 3435 vbi
1082 3383 1181 3436 uendat
1210 3399 1269 3436 suas
1296 3399 1387 3437 carnes
1413 3382 1507 3437 Soluat
1525 3383 1644 3438 bannum
1662 3384 1729 3439 soli-

564 3472 661 3525 dorum
680 3474 712 3526 X.
733 3474 906 3543 papiensium.

598 3663 641 3716 43.
661 3647 731 3702 Item
749 3658 877 3700 statutum
896 3658 935 3698 est
954 3647 1025 3716 quod
1045 3647 1133 3700 nullus
1152 3646 1229 3700 faciat
1247 3663 1296 3699 nec
1309 3647 1423 3700 dimittat
1437 3646 1520 3701 facere
1532 3647 1649 3720 aliquam
1667 3668 1728 3705 sco-

563 3736 672 3788 missam
690 3734 722 3787 ad
741 3750 820 3787 suurn
839 3734 983 3787 banchum.
1011 3735 1045 3786 Et
1071 3735 1118 3804 qui
1140 3733 1322 3788 contrafecerit
1340 3735 1426 3789 soluat
1445 3737 1564 3790 bannum
1582 3737 1729 3792 solidorum

564 3823 596 3876 V.
616 3821 780 3892 papiensium
799 3822 821 3876 si
841 3821 904 3874 inde
922 3821 1000 3874 fuerit
1019 3834 1163 3874 accusatus.

599 4011 641 4063 44.
660 3997 728 4050 Item
746 4009 873 4050 statutum
892 3997 1021 4067 estquod
1040 3995 1171 4049 Consules
1198 3998 1310 4049 debeant
1329 3996 1412 4050 facere
1430 3998 1535 4070 exigere
1557 3999 1723 4053 consorcium

564 4101 611 4156 pro
630 4084 754 4156 beccarijs
781 4097 807 4138 et
835 4101 882 4155 pro
911 4085 1030 4155 quolibet
1057 4085 1090 4137 de
1116 4101 1163 4138 sua
1182 4083 1282 4138 familia
1300 4103 1315 4138 a
1333 4087 1391 4156 XIJ.
1409 4087 1487 4142 annis
1503 4103 1580 4155 supra
1597 4097 1624 4140 et
1642 4085 1727 4140 facere

565 4173 661 4244 portari
680 4175 703 4226 ei
722 4191 811 4227 cereos
830 4186 856 4226 et
873 4173 995 4226 similiter
1012 4190 1060 4243 pro
1079 4173 1204 4227 omnibus
1222 4175 1267 4245 qui
1285 4174 1396 4229 soluunt
1413 4174 1598 4230 Consortium.

590 4345 620 4397 (r)
635 4345 702 4387 Locus
716 4358 801 4388 mnus.
816 4345 839 4386 la
853 4347 943 4399 margine
957 4359 1006 4386 tero
1019 4355 1114 4387 notatur:
1129 4360 1165 4387 nott
1179 4346 1300 4400 exemplatam
1315 4349 1357 4401 quia
1371 4357 1471 4388 martam.
