3918 5554
532 557 583 614 254

569 681 609 737 35.
629 665 696 720 Item
714 678 842 724 statutum
860 681 900 724 est
918 671 990 739 quod
1008 671 1098 726 nullus
1116 673 1242 744 magister
1259 673 1352 728 debeat
1370 674 1503 730 sorleuare
1520 675 1637 750 aliquem
1655 679 1698 732 de

531 767 649 809 stentem
667 755 700 808 ab
718 755 809 827 aliquo
827 755 882 811 alio
898 757 1035 828 magistro.
1052 759 1087 814 Et
1104 761 1150 832 qui
1169 759 1351 816 contrafecerit
1369 761 1456 818 soluat
1472 779 1522 834 pro
1540 764 1660 836 quolibet
1671 777 1698 820 et

531 842 648 914 qualibet
666 843 726 898 uice
743 843 843 898 solidos
861 845 894 898 V.
914 847 1088 917 papiensium.

569 1001 609 1072 36.
628 1002 699 1059 item
717 1015 845 1058 statutum
863 1015 903 1058 est
920 1006 993 1075 quod
1011 1005 1101 1060 nullus
1112 1007 1145 1060 de
1157 1005 1283 1078 Collegin
1294 1007 1388 1062 debeat
1399 1020 1487 1080 petere
1498 1009 1577 1064 alicui
1586 1027 1698 1082 persone

531 1106 651 1161 pannum
668 1107 715 1146 seu
734 1103 835 1146 vestem
853 1093 887 1146 ad
905 1091 1065 1148 faciendum.
1083 1094 1118 1149 Et
1135 1095 1181 1166 qui
1199 1094 1382 1152 contrafecerit
1399 1097 1488 1152 soluat
1504 1099 1624 1154 umam
1648 1117 1697 1173 pro

530 1177 648 1250 qualibet
665 1179 733 1244 uice,
751 1179 899 1236 solidorum
918 1179 950 1234 11.
969 1182 1143 1252 papiensium.

568 1353 608 1408 37.
627 1339 695 1394 ltenr
713 1350 842 1394 statutum
861 1339 990 1412 estquod
1009 1341 1091 1412 siquis
1109 1341 1256 1396 descendas
1273 1341 1390 1397 noluerit
1407 1343 1528 1398 recedere
1545 1345 1579 1398 ab
1606 1345 1697 1418 aliquo

529 1427 658 1498 magistro
676 1428 748 1497 quod
766 1427 838 1498 prius
856 1427 950 1482 debeat
967 1428 993 1482 ei
1012 1428 1099 1482 dicere
1118 1446 1163 1500 per
1181 1428 1239 1484 XV.
1258 1429 1314 1484 dies
1331 1441 1394 1486 ante
1411 1431 1445 1486 Et
1457 1431 1503 1502 qui
1515 1433 1697 1489 connafeneit

530 1531 611 1570 nemo
630 1515 663 1568 de
681 1513 807 1586 Collegio
823 1514 868 1570 det
885 1515 910 1569 ei
928 1515 1047 1570 laborem
1065 1517 1115 1570 sub
1132 1518 1222 1572 banno
1237 1517 1394 1586 solidorum,
1406 1519 1522 1574 duorum
1531 1520 1697 1591 papiensium

531 1617 578 1672 pro
596 1601 716 1674 quolibet
734 1603 785 1658 die.

567 1743 609 1813 38.
626 1743 694 1800 Item
712 1745 785 1816 quod
803 1744 914 1815 quilibet
931 1757 1015 1800 sartor
1032 1746 1066 1800 ‹le
1084 1745 1209 1818 Collegio
1232 1759 1353 1801 teneatur
1379 1763 1412 1802 ex
1438 1762 1605 1804 sanameano
1634 1751 1696 1804 dare

530 1831 650 1886 laborem
668 1831 747 1886 alicui
765 1833 890 1888 descento
909 1833 994 1888 donec
1012 1835 1068 1904 ipse
1086 1833 1215 1888 laboraret
1241 1851 1304 1888 curn
1331 1835 1384 1890 alio
1411 1837 1540 1906 magistro
1566 1837 1600 1890 de
1625 1838 1696 1892 dicto

530 1919 655 1990 Collegio
673 1921 706 1974 de
724 1921 814 1976 officio
832 1921 941 1976 sartorie
959 1921 1017 1976 Nisi
1036 1923 1069 1976 de
1089 1921 1198 1976 licencia
1217 1922 1296 1992 primi
1314 1923 1434 1995 magistri
1452 1925 1502 1978 sub
1519 1926 1611 1980 banno
1627 1925 1694 1981 soli·

530 2009 627 2063 dorum
645 2009 678 2063 V.
697 2010 863 2080 papiensium
882 2027 929 2082 pro
948 2010 1075 2082 quolibet

566 2169 599 2222 Et
617 2169 731 2239 predicta
749 2171 842 2223 omnia
860 2181 956 2224 statuta
974 2183 1001 2224 et
1018 2170 1204 2224 ordinamenta
1221 2185 1274 2240 que
1291 2182 1354 2224 sunt
1371 2181 1398 2224 et
1415 2168 1481 2226 fierit
1497 2171 1628 2226 detetero
1640 2187 1697 2242 pos

530 2257 584 2310 sint
601 2257 697 2328 corrigi
716 2258 776 2310 addi
795 2269 822 2311 et
840 2258 954 2312 diminui
973 2259 1006 2311 ad
1024 2258 1192 2312 uoluntatem
1204 2257 1330 2329 Collegij,
1342 2257 1422 2313 Salua
1431 2269 1521 2314 tamen
1531 2259 1560 2313 in
1569 2259 1696 2315 omnibus

530 2345 685 2416 supradictis
703 2345 884 2399 declaratione
902 2345 1035 2400 Comunis
1054 2345 1171 2417 bugelle.

569 2519 609 2574 39.
628 2504 696 2557 Item
714 2515 842 2558 statutum
861 2503 989 2574 estquod
1007 2501 1139 2556 Consules
1156 2501 1219 2556 dicti
1239 2501 1354 2574 Collegij
1373 2515 1513 2558 teneannu
1530 2517 1557 2558 et
1583 2505 1696 2560 debeant

532 2591 615 2646 facere
633 2592 766 2645 accordari
785 2592 871 2644 banna
891 2592 919 2645 in
937 2593 1033 2663 quibus
1063 2591 1157 2662 aliquis
1187 2591 1220 2644 de
1251 2590 1375 2661 Collegio
1402 2591 1519 2662 predicto
1546 2591 1696 2648 incurrisset

531 2678 598 2734 infra
616 2679 687 2744 vill,
706 2679 761 2732 dies
780 2691 919 2751 postquam
938 2679 1088 2733 incurrisset
1107 2691 1132 2733 et
1151 2679 1282 2750 precipere
1300 2678 1378 2732 eiuel
1388 2678 1473 2734 facere
1485 2681 1582 2752 precipi
1593 2693 1621 2734 ut
1630 2680 1697 2734 infra

531 2768 632 2821 dictum
650 2767 796 2821 terminum
814 2767 927 2821 debeant
946 2767 1000 2837 ipsa
1019 2769 1106 2820 banna
1130 2767 1268 2820 accordare
1297 2766 1380 2820 Et=si
1410 2767 1608 2822 accordauetint
1634 2769 1696 2824 dicti

532 2856 663 2910 Consules
681 2867 820 2909 teneantur
837 2856 887 2910 sibi
899 2856 961 2908 dare
973 2854 1164 2908 defensionem.
1177 2855 1206 2908 si
1219 2871 1283 2908 uero
1296 2854 1363 2909 infra
1372 2855 1473 2910 dictum
1483 2856 1628 2910 terminum
1640 2872 1696 2910 non

530 2943 730 2998 accordauerint
747 2943 849 2997 nullam
868 2943 982 3014 amplius
1000 2943 1115 2996 habeant
1133 2942 1324 2998 defensionem.

567 3117 609 3169 40.
629 3104 697 3156 item
715 3114 843 3156 statutum
862 3116 889 3156 et
908 3104 1060 3156 ordinatum
1079 3115 1118 3155 est
1136 3101 1209 3172 quod
1227 3116 1321 3155 omnes
1339 3115 1453 3172 expense
1471 3117 1523 3170 quc
1541 3100 1634 3156 fierent
1652 3119 1699 3172 per

532 3193 663 3247 Consules
681 3208 758 3244 causa
776 3191 934 3244 meliorandi
953 3203 1049 3244 statuta
1067 3190 1130 3244 dicti
1149 3190 1263 3261 Collegij
1283 3205 1367 3260 usque
1384 3189 1417 3242 ad
1436 3188 1536 3243 solidos
1557 3200 1620 3244 octo
1647 3207 1696 3261 pa-

532 3281 664 3352 piensium
682 3278 819 3333 soluantur
837 3291 863 3332 et
881 3277 950 3332 solui
968 3279 1082 3332 debeant
1099 3279 1220 3349 expensis
1240 3277 1321 3348 ipsius
1340 3276 1464 3348 Collegij.

567 3455 610 3506 41.
628 3439 696 3492 Item
714 3449 841 3492 statutum
860 3448 886 3490 ct
903 3437 1056 3489 ordinatum
1074 3448 1113 3489 est
1131 3436 1203 3508 quod
1221 3435 1311 3489 nullus
1328 3435 1454 3507 magister
1466 3435 1499 3488 de
1511 3435 1636 3507 Collegio
1648 3453 1698 3490 sar-

531 3541 620 3582 torum
639 3528 732 3581 debeat
750 3527 812 3579 dare
830 3525 954 3578 descento
968 3525 1018 3577 nisi
1031 3525 1147 3580 mediam
1160 3523 1307 3578 Cuxiuram
1316 3524 1349 3577 Et
1361 3524 1407 3595 qui
1417 3524 1599 3578 contrafecerit
1610 3523 1697 3578 solum

532 3633 579 3688 pro
598 3615 716 3688 quolibet
734 3626 760 3668 et
778 3613 894 3684 qualibet
913 3613 971 3666 uice
989 3612 1088 3666 solidos
1106 3611 1138 3666 V.
1158 3611 1332 3683 papiensium.
1351 3612 1384 3666 Et
1402 3611 1513 3685 quilibet
1526 3613 1559 3667 de
1571 3611 1696 3684 Collegio

531 3717 652 3758 tenentur
669 3720 780 3758 seruare.
1569 3735 1573 3742 ·

567 3877 610 3930 42.
629 3862 696 3916 Item
715 3873 841 3915 statutum
860 3873 899 3913 est
917 3861 989 3931 quod
1008 3861 1096 3914 nullus
1105 3860 1202 3914 electus
1212 3859 1313 3913 Consul
1327 3860 1420 3912 debeat
1432 3860 1518 3928 jurare
1532 3859 1697 3912 credentiam

532 3949 582 4004 nisi
602 3949 674 4020 prius
691 3949 786 4003 dixerit
804 3948 863 4019 alijs
880 3949 935 4003 suis
953 3949 1039 4019 socijs.

567 4121 610 4176 43.
629 4106 697 4160 Item
715 4119 842 4161 statutum
861 4120 887 4160 et
905 4106 1058 4161 ordinatum
1076 4105 1205 4177 estquod
1233 4104 1364 4158 Consules
1393 4105 1476 4158 ueteri
1506 4115 1646 4158 teneantur
1671 4117 1698 4158 et

531 4195 644 4248 debeant
672 4193 734 4247 dare
760 4206 786 4247 et
816 4195 906 4248 redere
933 4193 1095 4249 Consulibus
1121 4192 1201 4247 nouis
1218 4192 1310 4246 omnia
1328 4208 1380 4262 que
1398 4192 1534 4246 habebunt
1552 4192 1585 4245 de
1604 4191 1696 4246 officio

532 4282 595 4337 dicti
625 4280 739 4352 Collegij
775 4279 842 4334 infra
873 4293 995 4335 octauam
1026 4279 1108 4334 sancti
1150 4279 1255 4332 Martini
1286 4279 1341 4332 Sub
1371 4281 1461 4334 banno
1490 4279 1637 4334 solidorum
1664 4279 1696 4333 V.

532 4369 706 4443 papiensium.
