3926 5542
1372 547 1418 602 181

255 697 308 765 27.
332 678 382 745 De
405 699 485 765 pena
508 673 745 744 accomodantis
769 674 903 741 domum
915 671 1101 741 adulteranti
1125 673 1280 762 strupanti
1303 670 1354 739 uel
1377 674 1423 739 in-

301 799 475 850 cestuante.

291 889 358 942 item
377 901 504 942 statutum
524 889 652 959 estquod
671 887 692 940 si
710 887 770 957 quis
788 886 949 940 consenserit
968 884 1011 939 uei
1030 901 1118 956 passus
1137 885 1216 940 fuerit
1244 885 1356 938 scienter
1374 901 1422 938 co·

258 977 328 1030 mitti
347 991 467 1048 strupum
486 975 529 1030 uel
548 975 706 1030 adulterium
724 987 769 1028 aut
788 975 918 1028 incestum
937 991 999 1027 cum
1018 974 1105 1044 aliqua
1135 973 1246 1028 honesta
1267 973 1378 1027 muliere
1396 974 1424 1026 in

258 1066 341 1118 domo
359 1082 406 1118 sua
424 1065 467 1118 uel
487 1065 514 1118 iu
534 1063 586 1118 alia
605 1063 662 1116 eius
680 1063 844 1117 habitatione
862 1063 966 1134 propria
986 1061 1028 1114 uei
1048 1063 1186 1124 conducta,
1207 1061 1426 1131 Condampnetur

257 1153 287 1204 in
307 1153 379 1206 libris
397 1153 538 1206 tricenteni
558 1151 722 1222 papiensium
742 1167 806 1221 quas
826 1151 847 1202 si
866 1167 921 1203 non
935 1149 1051 1212 soluerit,
1061 1151 1117 1203 siue
1130 1149 1207 1203 fuerit
1223 1148 1354 1202 masculus
1370 1151 1426 1202 siue

259 1239 357 1293 femina
377 1239 517 1310 fustigetur
535 1257 581 1310 per
599 1251 683 1292 totam
702 1251 798 1293 terram
817 1238 935 1308 Bugelle,
964 1238 997 1291 Et
1016 1253 1106 1308 postea
1125 1255 1204 1292 nasus
1222 1251 1373 1309 amputetur
1391 1239 1426 1290 ita

258 1330 331 1401 quod
349 1345 364 1382 a
382 1327 448 1382 facie
466 1341 606 1400 separetur.
626 1327 653 1382 Si
673 1344 737 1382 uero
756 1344 817 1380 cuni
836 1326 924 1399 aliqua
944 1327 1080 1380 meretrice
1099 1327 1141 1380 uei
1160 1327 1211 1380 alia
1239 1325 1374 1382 diffamata
1394 1327 1427 1380 de

259 1417 417 1482 meretricio,
437 1417 657 1488 Condampnetur
675 1415 705 1470 In
724 1415 796 1470 libris
815 1415 908 1470 decem
926 1431 974 1486 pro
989 1407 1110 1486 ¹qualibet
1128 1416 1197 1469 uice.

260 1593 313 1662 28.
337 1593 387 1660 De
410 1614 492 1682 pena
514 1591 738 1660 luxiriancium
762 1610 872 1658 contra
895 1609 1050 1660 naturam.

296 1699 363 1752 Item
381 1710 509 1752 statutum
528 1699 650 1769 estquod
663 1698 745 1768 siquis
757 1699 891 1752 comiserit
900 1697 1000 1752 crimen
1012 1698 1134 1752 sodomie
1147 1697 1190 1752 uei
1204 1697 1279 1752 aliter
1292 1697 1429 1752 luxiriatus

261 1785 339 1840 fuerit
357 1799 448 1840 conua
466 1799 588 1840 naturam
607 1786 669 1856 igne
688 1788 865 1840 comburatur.
884 1787 923 1840 lta
942 1797 968 1840 et
986 1785 1072 1840 taliter
1090 1787 1162 1857 quod
1175 1787 1279 1857 penitus
1292 1787 1428 1842 moriatur.

262 1983 316 2051 29.
340 1965 390 2032 De
413 1987 495 2054 pena
518 1965 714 2038 continentis
737 1964 868 2034 furtum.

297 2090 364 2142 Item
383 2103 510 2146 statutum
529 2091 658 2162 estquod
676 2091 698 2144 si
717 2091 803 2144 maior
821 2089 1020 2160 quatuordecim
1040 2105 1172 2144 annorum
1185 2089 1285 2144 furtum
1297 2091 1431 2144 comiserit

262 2177 296 2230 de
314 2179 438 2247 peccunia
457 2179 500 2234 uel
519 2179 607 2251 aliqua
626 2195 654 2232 re
672 2195 755 2248 usque
773 2179 806 2232 ad
825 2177 926 2232 solidos
944 2189 1051 2232 centuni
1071 2179 1236 2249 papiensium
1255 2179 1297 2232 uei
1317 2179 1350 2232 ab
1368 2179 1432 2233 inde

262 2265 329 2318 infra
348 2267 472 2336 puniatur
490 2267 517 2320 in
537 2267 610 2320 libris
629 2266 721 2320 deceni
733 2267 906 2336 papiensium.
921 2265 948 2320 Si
961 2283 1026 2318 uero
1043 2265 1142 2320 furtum
1156 2265 1233 2320 fuerit
1245 2283 1260 2319 a
1274 2267 1346 2320 fibris
1358 2267 1433 2338 quin·

263 2369 314 2422 que
334 2371 418 2424 usque
437 2357 469 2408 ad
489 2355 567 2408 libras
586 2355 739 2426 quindecim
759 2353 800 2407 uei
820 2356 853 2406 ab
872 2355 934 2408 inde
953 2353 1019 2407 infra
1039 2372 1121 2424 usque
1150 2356 1182 2408 ad
1210 2356 1288 2408 libras
1315 2355 1433 2425 quinque

264 2441 350 2493 soiuat
368 2459 415 2513 pro
435 2459 502 2512 pena
522 2443 600 2496 libras
629 2443 745 2512 triginta.
773 2441 849 2504 Quas
876 2443 897 2494 si
924 2458 978 2496 non
1011 2443 1118 2496 soluerit
1147 2443 1213 2496 infra
1241 2443 1385 2496 terminum
1405 2443 1433 2495 in

264 2531 506 2600 condempnatione
524 2542 653 2584 statutum
672 2530 812 2598 fustigetur
829 2547 875 2600 per
893 2541 988 2584 tetram
1008 2530 1118 2600 Bugelie
1137 2531 1258 2584 videficet
1276 2543 1377 2601 aporia
1396 2543 1434 2584 to

265 2619 329 2670 ratie
348 2619 483 2688 usquead
502 2631 606 2689 portam
627 2617 710 2672 rueris
727 2631 754 2672 et
772 2619 824 2672 boc
842 2635 890 2689 pro
909 2619 996 2689 primo
1015 2617 1092 2672 furto.
1112 2619 1140 2672 Si
1160 2635 1224 2673 uero
1237 2619 1337 2674 furtum
1356 2619 1434 2674 fuerit

265 2721 280 2758 a
299 2704 371 2758 libris
389 2705 542 2777 quindecim
562 2706 696 2776 usquead
716 2705 795 2760 libras
814 2706 922 2776 triginta
941 2704 984 2760 uel
1003 2708 1035 2760 ab
1054 2707 1116 2760 inde
1135 2706 1202 2760 iufra
1215 2723 1298 2778 usque
1310 2709 1343 2762 ad
1357 2707 1435 2760 fibras

265 2793 419 2862 quindecim
438 2795 649 2864 condempnetur
667 2795 695 2848 in
715 2794 788 2847 libris
806 2794 949 2862 sexaginta
964 2793 1040 2857 Quas
1052 2795 1074 2846 si
1087 2811 1142 2848 non
1156 2793 1265 2848 soluerit
1277 2807 1391 2864 ponatur
1402 2795 1435 2848 ad

267 2879 395 2933 berlinam
414 2893 440 2934 et
459 2881 495 2934 ibi
513 2893 563 2935 stet
582 2899 628 2952 per
647 2899 727 2936 unam
747 2882 828 2934 diem.
854 2881 885 2934 Et
905 2893 994 2952 postea
1013 2881 1152 2950 fustigetur
1171 2894 1302 2952 utsupra.
1322 2883 1350 2934 Si
1370 2898 1434 2936 uero

267 2965 366 3020 furtum
387 2967 463 3022 fuerit
481 2987 496 3022 a
516 2969 588 3023 fibris
607 2971 714 3038 triginta
733 2987 816 3040 usque
834 2971 867 3024 ad
895 2970 973 3024 libras
1001 2972 1136 3038 sexaginta
1166 2971 1207 3023 uel
1236 2973 1269 3024 ab
1288 2971 1350 3024 inde
1369 2970 1436 3024 infra

267 3071 350 3124 usque
368 3055 401 3108 ad
420 3056 499 3110 libras
519 3057 635 3128 triginta,
654 3057 927 3128 Condampnetur,1n
942 3057 1014 3111 libris
1026 3071 1134 3111 cenmm
1147 3059 1347 3129 quinquaginta.
1359 3059 1437 3120 Quas

267 3142 288 3194 si
309 3159 363 3196 non
383 3143 492 3198 soluerit
509 3145 537 3199 in
557 3145 702 3200 terminum
722 3159 751 3199 ut
769 3163 854 3216 supra,
874 3157 987 3214 ponatur
1004 3147 1037 3198 ad
1058 3146 1185 3198 berlinam
1205 3159 1230 3198 et
1250 3147 1388 3214 fustigetur
1406 3159 1435 3199 ut

268 3247 353 3300 supra.
373 3231 405 3284 Et
426 3231 492 3286 ultra
511 3233 562 3286 fioc
581 3234 630 3286 sibi
650 3233 815 3303 perforantur
834 3251 908 3286 aures
927 3250 988 3286 cum
1009 3233 1076 3286 ferro
1095 3234 1181 3287 calido
1211 3235 1346 3302 insignum
1367 3233 1436 3296 furti,

268 3319 296 3372 Si
318 3335 381 3374 uero
400 3319 499 3375 furtum
519 3319 597 3374 fuerit
616 3339 629 3374 a
650 3320 722 3375 libris
741 3322 877 3390 sexaginta
897 3323 1032 3392 usquead
1051 3335 1158 3376 centum
1178 3322 1220 3376 uel
1240 3324 1272 3375 ab
1290 3323 1352 3376 inde
1371 3322 1437 3375 infra

269 3407 397 3475 usquead
410 3407 488 3460 libras
500 3407 637 3476 sexaginta
652 3409 871 3479 Condampuetur
888 3409 917 3462 ln
932 3408 1004 3461 libris
1017 3421 1124 3462 centum
1143 3409 1343 3480 quinquaginta.
1363 3410 1438 3472 Quas

269 3494 291 3544 si
310 3509 365 3548 non
385 3493 493 3548 soluerit
512 3495 580 3548 infra
598 3495 744 3548 terminum
764 3509 887 3566 utsupra
907 3509 1041 3566 ponantur
1059 3497 1092 3550 ad
1112 3497 1240 3550 berlinam
1260 3510 1285 3550 et
1300 3497 1439 3566 fustigetur

270 3593 299 3634 ut
317 3598 402 3651 supra,
421 3582 454 3636 Et
472 3581 539 3634 ultra
558 3583 610 3636 iioc
629 3595 780 3653 amputetur
801 3584 849 3636 sibi
869 3585 985 3636 auricula
1004 3585 1089 3636 destra
1117 3585 1203 3638 taliter
1230 3585 1300 3654 quod
1321 3603 1335 3638 a
1354 3586 1439 3654 cipite

271 3683 403 3738 separetur
421 3669 557 3738 insignum
578 3669 647 3724 furti.
667 3671 696 3724 Si
715 3687 779 3724 ttcto
790 3671 888 3724 furtum
904 3671 1005 3724 fueriti
1020 3672 1091 3724 libris·
1104 3685 1210 3724 centum
1226 3686 1253 3724 ut
1266 3691 1341 3742 supra
1355 3673 1439 3725 cuius·

271 3773 386 3827 cumque
405 3757 558 3828 quantitatis
576 3759 669 3812 existit
688 3773 793 3812 eruatur
811 3761 860 3812 sibi
879 3777 947 3812 unus
960 3759 1067 3812 occulus
1080 3771 1106 3812 et
1121 3761 1234 3830 predicta
1249 3779 1303 3813 non
1318 3761 1438 3813 uendicet

271 3846 320 3898 sibi
339 3844 429 3898 locum
448 3861 496 3915 pro
515 3847 601 3916 primo
621 3845 691 3900 furto
710 3847 833 3900 coniissu.
853 3847 880 3900 Si
910 3865 974 3901 uero
1010 3847 1106 3900 fuerint
1134 3849 1187 3900 duo
1207 3847 1274 3901 furta
1293 3849 1439 3902 comissas

272 3933 363 3986 solidis
382 3947 489 3988 centum
509 3933 576 3988 infra
594 3935 674 3988 simul
694 3936 852 4005 computatis
871 3935 957 3988 soluat
976 3935 1053 3988 fibras
1071 3936 1202 3990 decentet
1217 3937 1372 4006 ponaturad
1387 3939 1441 3990 ber·

273 4021 356 4074 linam
374 4035 400 4076 et
419 4022 455 4074 ibi
474 4035 523 4076 stet
542 4039 588 4092 per
605 4023 676 4075 diem
697 4039 778 4074 unam
797 4036 823 4076 et
843 4022 982 4092 fustigetur
1000 4034 1029 4077 ut
1048 4040 1132 4094 supra.
1146 4023 1173 4076 Si
1194 4041 1257 4077 uero
1277 4023 1373 4078 fuerint
1392 4025 1440 4078 tria

274 4108 317 4162 uel
336 4109 409 4180 plura
428 4109 495 4164 furta
514 4127 529 4164 a
548 4109 639 4164 solidis
657 4123 764 4164 centuni
784 4109 850 4164 infra
869 4111 948 4164 simui
968 4111 1126 4182 computatis
1139 4113 1262 4182 puniatur
1277 4113 1305 4166 in
1324 4111 1442 4165 iibrisvi·

274 4197 469 4268 gintiquinque.
489 4198 565 4260 Quas
583 4198 604 4250 si
624 4215 679 4252 noti
699 4198 808 4252 soluerit
827 4199 893 4252 infra
913 4201 1057 4252 terminum
1078 4199 1104 4252 in
1125 4201 1367 4269 condampnatione
1385 4213 1440 4252 sta-

275 4285 404 4338 tuendum
424 4286 571 4339 abscidatur
589 4287 638 4338 sibi
657 4287 781 4339 auricula.
801 4285 828 4338 Si
849 4303 913 4339 uero
932 4285 1028 4340 fuerint
1047 4289 1102 4340 dito
1121 4287 1162 4341 uei
1182 4289 1231 4340 tria
1250 4287 1317 4340 furta
1337 4305 1350 4340 a
1371 4288 1443 4340 fibris

276 4373 368 4426 decem
388 4385 513 4444 utsupra
532 4374 666 4444 usquead
686 4371 763 4428 libras
781 4386 890 4428 centuni
909 4374 951 4428 uei
971 4375 1003 4428 ab
1022 4375 1084 4428 inde
1115 4375 1182 4428 infra
1213 4377 1346 4446 usquead
1366 4375 1443 4430 fibras
