3958 5540
538 516 571 568 72

536 624 607 676 rium
622 622 728 693 bugelle
739 633 767 675 et
778 622 886 676 vernati.
899 623 933 677 Et
945 625 1020 677 cadat
1032 624 1060 677 in
1073 624 1226 679 comissum.
1240 637 1266 678 et
1280 625 1372 679 omnia
1384 626 1453 680 dicta
1465 626 1536 681 bona
1547 628 1704 698 perueniant

537 712 566 764 in
585 729 701 764 comune
719 711 832 781 bugella.
851 723 879 764 et
896 713 967 766 dicto
985 713 1095 766 comuni
1114 714 1270 783 pubicentur
1287 714 1345 785 ipso
1363 715 1428 768 iure.
1447 715 1519 769 etde
1531 716 1607 769 dictis
1625 716 1703 771 bonis

536 799 638 852 nullam
657 799 739 868 possit
756 810 883 869 perpetuo
901 799 997 854 habere
1017 801 1138 870 gratiam.
1166 813 1206 854 set
1233 814 1358 871 perpetuo
1385 803 1420 855 sit
1438 803 1562 856 bannitus
1579 805 1701 857 comunis

536 886 648 956 bugelle
668 903 717 940 nec
735 887 861 940 habeatur
873 888 923 958 ,uel
942 888 1033 942 haberi
1052 890 1134 958 possit
1153 901 1279 960 perpetuo
1298 905 1345 958 pro
1363 889 1460 944 vicino.
1478 904 1506 944 et
1524 905 1651 962 perpetuo
1668 891 1701 945 sit

535 975 656 1027 exclusus
674 976 706 1027 ab
725 975 851 1028 omnibus
869 975 971 1046 officijs.
990 977 1138 1030 honoribus
1156 988 1182 1030 et
1200 977 1357 1030 utilitatibus
1375 978 1634 1049 Comunisbugelle
1647 992 1700 1033 eta

534 1063 653 1133 quolibet
672 1074 797 1132 perpetuo
815 1063 897 1133 possit
913 1065 1025 1133 impune
1042 1063 1142 1117 offendi
1161 1065 1189 1116 in
1208 1065 1271 1118 here
1289 1066 1362 1118 etin
1380 1079 1536 1135 personaet
1554 1067 1606 1120 hoc
1624 1078 1701 1120 statu·

534 1163 592 1204 turn
610 1151 644 1202 sit
663 1163 688 1202 et
707 1168 763 1202 esse
781 1151 944 1220 intelligatur
955 1165 1111 1221 perpetuum
1124 1165 1150 1205 et
1162 1153 1291 1222 precisum
1305 1170 1351 1222 per
1362 1165 1564 1207 sacramentum.
1578 1155 1617 1207 Ita
1628 1155 1699 1225 quod

533 1251 623 1291 contra
642 1239 742 1291 dictum
760 1251 887 1291 statutum
906 1257 961 1292 non
982 1241 1062 1309 possit
1081 1240 1232 1310 dispensari.
1247 1240 1290 1293 uel
1309 1241 1367 1293 tolli
1385 1259 1431 1294 seu
1450 1241 1550 1311 aliquid
1569 1243 1694 1296 ordinari.

533 1327 566 1379 Et
585 1327 676 1380 consul
696 1326 743 1397 qui
761 1327 862 1396 aliquid
880 1339 971 1380 contra
990 1329 1105 1398 predicta
1124 1329 1241 1398 posuerit
1259 1329 1287 1382 in
1306 1329 1446 1382 credentia.
1472 1330 1559 1384 soluat
1581 1333 1699 1384 bannum

534 1431 581 1484 pro
599 1413 718 1484 quolibet
736 1427 762 1466 et
780 1415 897 1484 qualibet
915 1416 980 1468 uice.
1000 1415 1048 1468 sol.
1067 1414 1123 1469 LX.
1143 1428 1168 1469 et
1187 1418 1338 1487 quicunque
1357 1417 1523 1487 arengauen't
1541 1431 1632 1471 tonna
1646 1435 1701 1489 pre·

533 1502 634 1556 dictum
653 1515 781 1555 statutum
808 1502 895 1555 soluat
921 1504 1041 1556 bannum
1068 1503 1116 1556 sol.
1144 1505 1202 1557 XX.
1231 1521 1278 1574 pro
1307 1503 1424 1574 qualibet
1441 1505 1501 1558 uice
1518 1519 1545 1559 et
1563 1505 1630 1558 ultra
1648 1507 1701 1560 hoc

533 1593 625 1643 omnia
644 1591 776 1661 proposita
794 1601 890 1644 statuta
909 1603 935 1643 et
953 1592 1074 1644 ordinata
1092 1603 1184 1644 contra
1211 1592 1358 1661 predictum
1387 1579 1522 1646 statutum.
1549 1593 1604 1646 sint
1620 1609 1700 1647 cassa.

533 1679 606 1730 irrita
624 1691 650 1731 et
668 1678 767 1730 nullius
786 1678 884 1731 ualoris
902 1679 1006 1748 penitus
1025 1679 1067 1731 uel
1087 1680 1226 1733 momenti
1237 1679 1270 1732 Et
1282 1680 1404 1732 consules
1415 1693 1556 1734 teneantur
1567 1681 1700 1752 inquirere

532 1766 555 1818 si
573 1764 651 1818 fuerit
668 1766 706 1818 eis
724 1766 911 1819 denuntiatum
930 1767 972 1820 uel
991 1767 1025 1820 ad
1042 1783 1118 1820 aures
1136 1783 1230 1820 eorum
1250 1768 1398 1838 peruenerit
1416 1781 1443 1821 et
1461 1781 1551 1822 tenere
1562 1769 1701 1822 denuntia-

534 1867 603 1908 tores
622 1866 648 1907 et
667 1867 829 1908 accusatores
847 1855 971 1924 priuatos.

572 2012 629 2065 375.
649 1997 715 2049 Item
734 2008 862 2048 statutum
880 2009 907 2048 et
924 1997 1076 2049 ordinatum
1096 1998 1225 2068 estquod
1244 1996 1317 2050 nulla
1345 2014 1455 2066 persona
1483 1999 1576 2051 debeat
1597 2012 1699 2069 portare

536 2084 628 2153 ignem
647 2096 765 2153 tempore
783 2096 894 2136 ventoso
913 2101 959 2153 per
977 2083 1086 2154 planum
1105 2102 1154 2138 nec
1173 2102 1219 2154 per
1236 2085 1351 2154 placium
1370 2085 1404 2138 de
1421 2086 1465 2138 die
1493 2103 1542 2140 nec
1569 2087 1603 2140 de
1620 2099 1699 2140 nocte

531 2189 581 2224 nec
600 2171 683 2224 facere
702 2188 751 2224 nec
769 2183 859 2224 tenere
876 2173 969 2241 ignem
987 2173 1014 2224 in
1035 2171 1122 2243 aliqua
1141 2173 1223 2226 domo
1244 2190 1296 2243 que
1314 2189 1370 2226 non
1383 2173 1417 2227 sit
1429 2174 1614 2244 cohopertade
1627 2175 1700 2246 cupis

532 2261 622 2329 etqui
641 2271 732 2312 contra
751 2257 841 2312 fecerit
858 2259 944 2312 soluat
963 2277 1010 2329 pro
1029 2261 1148 2330 quolibet
1166 2273 1192 2314 et
1211 2261 1328 2332 qualibet
1346 2261 1403 2313 vice
1421 2261 1469 2314 sol.
1479 2262 1512 2316 X.
1531 2280 1573 2332 pp.
1592 2263 1626 2316 Et
1643 2264 1700 2333 qui·

532 2348 596 2400 libet
614 2347 695 2417 possit
712 2364 846 2401 accussare
864 2361 890 2401 et
908 2349 1068 2401 denunciare
1095 2361 1121 2401 et
1151 2350 1283 2403 tenebitur
1316 2349 1433 2420 priuatus
1452 2351 1502 2402 nisi
1522 2343 1589 2404 esset
1607 2350 1698 2404 lumen

532 2437 604 2507 quod
623 2447 737 2506 portaret
755 2453 816 2490 cum
835 2437 951 2490 candela.

569 2577 627 2647 376.
647 2579 714 2632 Item
733 2590 860 2632 statutum
879 2591 905 2632 et
923 2579 1075 2633 ordinatum
1093 2579 1223 2649 estquod
1241 2578 1330 2650 aliqua
1351 2595 1463 2650 persona
1481 2595 1534 2649 que
1560 2581 1594 2633 de
1611 2592 1699 2634 cetero

533 2668 650 2720 incantet
668 2679 739 2720 emat
756 2683 803 2720 seu
821 2666 899 2720 titulo
918 2667 1057 2720 locationis
1066 2667 1109 2720 uel
1123 2683 1282 2737 quocunque
1294 2667 1348 2720 alio
1360 2668 1444 2722 modo
1457 2669 1566 2738 accipiat
1577 2667 1694 2738 aliquam

531 2773 587 2808 rem
607 2755 744 2808 acomuni
756 2772 811 2808 non
825 2755 906 2823 possit
917 2771 967 2808 noc
985 2754 1070 2808 valeat
1082 2755 1178 2808 habere
1196 2755 1313 2824 aliquam
1332 2756 1551 2826 prorogationem
1571 2756 1699 2826 temporis

531 2859 580 2896 nec
598 2842 714 2913 aliquam
733 2843 845 2912 gratiam
857 2858 904 2895 seu
917 2843 1101 2896 remissionem
1113 2842 1146 2895 de
1159 2843 1285 2911 peccunia
1307 2859 1388 2913 quam
1410 2843 1521 2897 incantu
1541 2843 1698 2913 hemptione

530 2930 663 2984 locatione
682 2947 728 2984 seu
746 2947 907 3003 quocunque
925 2931 978 2984 alio
997 2943 1132 2984 contractu
1151 2929 1220 2983 sacto
1249 2946 1311 2984 eum
1339 2931 1448 2984 comuni
1477 2931 1521 2985 uel
1545 2931 1698 2986 consulibus

530 3019 636 3089 bugelle
654 3021 765 3073 nomine
782 3021 863 3090 Ipsius
890 3020 1013 3074 comunis
1041 3018 1145 3072 soluere
1173 3019 1339 3087 promixisset
1366 3031 1393 3072 et
1421 3020 1504 3088 gratia
1522 3019 1589 3072 tacta
1607 3031 1698 3073 contra

530 3109 678 3179 predictum
696 3119 825 3163 statutum
843 3109 917 3162 nulla
935 3109 969 3161 sit
986 3109 1045 3178 ipso
1063 3107 1128 3160 iure.
1147 3107 1190 3176 (1)
1209 3107 1242 3160 Et
1254 3108 1401 3177 predictum
1416 3119 1543 3161 stantum
1556 3107 1589 3160 sit
1601 3120 1628 3160 et
1639 3124 1697 3161 esse

530 3199 692 3268 intelligatur
710 3199 743 3251 de
761 3209 848 3250 cetero
866 3198 997 3268 precisum
1016 3209 1042 3250 et
1060 3196 1184 3249 iuratum.
1212 3195 1251 3248 Ita
1279 3196 1351 3266 quod
1370 3211 1448 3265 super
1466 3195 1523 3264 ipso
1542 3211 1598 3248 non
1616 3196 1699 3266 possit

530 3287 674 3356 dispensari
692 3303 741 3339 nec
760 3298 850 3338 contra
869 3287 970 3338 dictum
989 3295 1117 3337 statutum
1135 3283 1163 3335 in
1183 3282 1273 3352 aliquo
1292 3281 1448 3334 contrafien'.
1467 3283 1501 3335 Et
1512 3282 1635 3336 consules
1651 3283 1697 3354 qui

530 3392 578 3445 pro
597 3375 760 3444 temporibus
778 3372 876 3426 fuerint
894 3389 949 3426 non
969 3371 1105 3442 paciantur
1132 3371 1196 3440 poni
1214 3371 1243 3423 in
1270 3369 1406 3423 credentia
1434 3381 1571 3423 utcontra
1591 3369 1635 3424 fiat
1653 3369 1696 3422 uel

530 3463 603 3532 quod
622 3479 699 3531 super
717 3463 774 3532 ipso
793 3462 821 3513 in
840 3461 930 3530 aliquo
949 3462 1113 3529 dispensetur
1131 3460 1159 3511 in
1178 3475 1245 3528 pena
1264 3471 1290 3510 et
1307 3459 1397 3510 banno
1416 3457 1464 3510 sol.
1484 3457 1539 3511 Lx.
1559 3475 1606 3528 pro
1625 3473 1695 3528 quo·

529 3550 592 3602 libet
611 3550 720 3603 consule
738 3561 764 3602 et
783 3550 900 3620 qualibet
919 3549 978 3601 uice
996 3549 1009 3616 (
1026 3548 1047 3616 ).

566 3705 624 3758 377.
643 3689 711 3743 Item
728 3690 791 3760 quia
809 3689 866 3742 eius
884 3701 924 3742 est
950 3687 1116 3758 Interpretari
1144 3688 1219 3741 cuius
1245 3699 1285 3741 est
1302 3688 1417 3741 condere
1444 3703 1474 3740 ac
1492 3686 1549 3740 eius
1567 3698 1607 3741 est
1625 3686 1696 3740 uelle

528 3791 655 3833 statutum
675 3777 803 3847 estquod
821 3777 843 3830 si
861 3776 950 3847 aliqua
968 3776 1071 3847 questio
1100 3775 1212 3830 dubium
1239 3791 1285 3829 seu
1313 3775 1451 3829 discessio
1468 3775 1568 3829 oriatur
1587 3775 1631 3829 uel
1649 3773 1696 3829 fiat

529 3866 643 3919 Ratione
661 3865 773 3919 alicuius
791 3865 881 3918 statuti
899 3865 1074 3918 ordinationis
1093 3863 1136 3916 uel
1155 3863 1350 3917 reformationis
1369 3863 1501 3917 Comunis
1515 3862 1629 3933 bugelle.
1648 3879 1694 3916 seu

529 3954 694 4007 vendicionis
712 3952 778 4007 facte
797 3970 843 4023 per
861 3953 985 4006 Comune
1004 3952 1046 4006 uel
1075 3952 1246 4022 obligationis
1273 3953 1363 4004 statuti
1392 3963 1541 4004 contractus
1559 3951 1602 4004 uel
1621 3950 1696 4020 quasi

529 4041 590 4096 facti
602 4059 664 4096 cum
675 4041 793 4097 Comani
805 4042 848 4095 uel
867 4041 969 4095 ratione
980 4053 1140 4095 statutorum
1152 4041 1215 4094 dicti
1231 4039 1363 4094 Comunis
1374 4039 1447 4110 quod
1461 4039 1531 4094 dicte
1542 4039 1695 4110 questiones

556 4324 587 4378 (t)
600 4324 632 4378 (ι)
645 4322 711 4364 ven·
724 4333 796 4378 ροςιιι
809 4322 894 4378 tanen.
