3926 5542
517 587 571 626 222

589 736 595 748 .
648 697 695 749 ..l
722 697 731 746 i
737 699 750 748 '.

519 698 595 832 1480.
615 698 768 837 Iliemiisius
786 782 855 837 filius
873 783 971 838 nobilis
989 784 1093 838 Gimsdi
1111 785 1190 839 scotie
1208 785 1242 860 de
1269 785 1374 856 bugella
1403 784 1524 856 recipitur
1542 782 1571 836 in
1588 782 1634 838 coi.
1655 787 1683 836 ut

578 879 625 943 per
643 871 838 925 instrumentum
856 871 954 926 nobilis
972 871 1103 927 Ludouici
1123 873 1156 926 de
1175 871 1296 944 iemasijs.

515 1029 594 1096 1480·
614 1031 772 1172 lintiiiliiis
790 1117 860 1172 filius
879 1119 1006 1173 Iohannis
1024 1119 1155 1190 thollegni
1174 1121 1207 1174 de
1226 1119 1331 1191 bugella
1349 1120 1468 1194 recipitur
1480 1119 1509 1173 in
1525 1119 1628 1191 witegio
1646 1125 1675 1172 ut

579 1216 625 1278 ριν
644 1207 838 1259 instrumentum
856 1207 890 1260 N.
910 1207 1040 1261 ludovici
1058 1207 1092 1261 de
1110 1206 1230 1277 ferrariis.

514 1364 589 1430 ¹48⁰·
608 1365 807 1507 liinlliiliiilnus
825 1453 895 1507 filius
914 1452 1025 1523 Antonii
1045 1451 1112 1506 fecie
1130 1454 1164 1507 de
1181 1452 1292 1526 bugella
1321 1453 1441 1525 recipitur
1468 1453 1497 1507 in
1524 1451 1570 1509 nt
1589 1458 1617 1507 ut
1630 1461 1677 1526 per

582 1541 776 1594 instrumentum
794 1542 828 1595 N.
847 1540 976 1595 Ludovici
997 1541 1031 1595 de
1048 1539 1170 1612 iesmsijs.

521 1698 596 1764 1481.
617 1714 641 1752 2.
660 1700 742 1769 Iunij.

617 1789 780 1842 lohannetus
799 1787 868 1842 filius
887 1789 984 1843 nobilis
1011 1789 1172 1844 Bartolomei
1198 1790 1302 1859 genesis
1329 1789 1362 1843 de
1389 1789 1495 1860 bugella
1512 1789 1631 1861 recipitur
1649 1788 1678 1842 in

580 1877 624 1930 cot.
645 1878 809 1930 instrumento
828 1884 915 1947 roguto
930 1888 976 1950 ριν
993 1879 1121 1932 Nobilem
1141 1879 1242 1930 bonum
1262 1878 1295 1930 de
1313 1876 1403 1947 spinis
1414 1877 1569 1932 Sebastiano
1578 1876 1675 1950 ferretij

581 1965 694 2019 domino
711 1965 835 2037 galinnici
853 1979 880 2020 et
898 1966 982 2020 nobili
1001 1967 1122 2020 Antonio
1141 1965 1251 2036 tolegno
1278 1965 1429 2019 coeuntibus.
1460 1965 1572 2020 Testibus
1598 1965 1677 2020 bulum

580 2070 680 2124 genero
699 2055 771 2108 bono
789 2053 915 2108 cloaterio
933 2067 960 2108 et
978 2054 1092 2110 Eusebio
1111 2055 1145 2108 de
1162 2055 1269 2126 guzino.

512 2228 522 2266 1
545 2215 587 2266 81.
608 2228 632 2266 2.
655 2213 732 2266 Iuni‘.

527 2228 543 2280 4
615 2233 764 2373 Stephaisus
782 2303 857 2371 spina
875 2303 995 2373 recipitur
1012 2303 1041 2354 in
1058 2303 1103 2356 col.
1123 2309 1150 2356 ut
1165 2312 1210 2373 per
1229 2285 1424 2355 imtrumentum
1447 2303 1515 2356 iloni
1533 2303 1567 2357 de
1584 2303 1674 2374 spinis

579 2390 670 2445 Nobili
689 2391 837 2444 sebastiano
855 2389 953 2461 terreri}
974 2390 1087 2444 domino
1104 2391 1229 2462 galianici
1247 2403 1274 2444 et
1292 2391 1433 2445 Antlsonio
1451 2391 1563 2462 tollegni
1581 2409 1673 2446 corun-

581 2479 655 2532 liius.

512 2639 586 2709 ¹48¹·
606 2637 631 2692 6.
653 2636 809 2691 Novmsbris.

614 2726 767 2780 Ludouicus
785 2725 802 2778 f.
821 2743 846 2796 q.
865 2726 934 2780 Nob.
954 2725 1063 2796 Georgii
1084 2725 1117 2778 de
1136 2725 1239 2780 Vilanis
1257 2726 1291 2779 de
1309 2725 1415 2796 bugella
1445 2727 1565 2798 recipitur
1582 2727 1611 2780 in
1628 2727 1673 2782 col.

577 2821 666 2886 rogato
684 2816 848 2868 instrumento
867 2831 912 2885 per
931 2815 1032 2866 bonum
1051 2814 1084 2867 de
1103 2814 1193 2884 spinis.

510 2975 585 3044 ¹⁴8³*
605 2973 836 3117 ioiiiiienscon
855 3062 872 3115 f.
891 3080 916 3133 q·
935 3061 1083 3132 spectantis
1101 3061 1166 3131 juris
1184 3059 1320 3130 unusque
1338 3060 1454 3113 d⁰⁶1⁰¹³³
1482 3060 1586 3114 Μ
1605 3061 1670 3114 ¹³²¹·
1743 3134 1747 3142 ·

578 3153 708 3206 tholomei
727 3153 760 3206 de
778 3151 906 3204 mestiatis
924 3151 957 3204 de
976 3149 1085 3220 Bugella
1104 3151 1223 3220 recipitur
1241 3150 1269 3202 in
1286 3149 1388 3220 collegio
1407 3155 1434 3202 nt
1449 3158 1495 3220 per
1513 3150 1670 3204 instrumen-

577 3247 631 3294 tum
648 3240 753 3295 Nobilis
771 3239 900 3294 Mnnlredi
919 3239 953 3293 de
970 3237 1129 3292 meschiatis.

508 3384 583 3452 1483.
602 3399 637 3436 rr.
658 3382 810 3453 Septembris.

611 3472 731 3524 Andreas
750 3469 766 3522 i.
785 3488 810 3541 q.
830 3468 938 3538 Georgii
959 3468 993 3521 de
1011 3467 1123 3521 Villanis
1142 3468 1176 3520 de
1193 3467 1299 3537 bugella
1320 3469 1441 3538 recipitur
1459 3469 1487 3520 in
1504 3468 1549 3522 col.
1569 3469 1668 3520 instru-

575 3565 710 3611 strumento
738 3564 825 3627 rogato
851 3568 897 3628 per
927 3556 1052 3610 Nobilem
1071 3555 1209 3608 Matheum
1228 3556 1261 3609 de
1279 3556 1414 3608 mestiutis.
1433 3555 1512 3608 Petro
1529 3572 1626 3626 gromo
1644 3567 1670 3608 et

574 3647 710 3700 leronimo
730 3646 762 3698 de
780 3647 862 3715 spinis
880 3645 1031 3697 conssulibus.
1055 3644 1165 3696 Testibus
1183 3643 1274 3696 Nobili
1293 3643 1446 3697 lohannino
1459 3644 1601 3697 llertodani
1620 3643 1670 3697 Eu·

575 3735 648 3788 sebio
667 3735 700 3788 de
718 3734 812 3804 gigino
831 3745 857 3786 et
876 3735 947 3785 bono
966 3731 1092 3784 cloaterio
1110 3731 1274 3784 sanitaribus
1291 3733 1404 3784 corsiensis
1423 3732 1531 3802 Bugetie.

506 3897 583 3965 1483.
603 3909 638 3946 rt.
658 3892 812 3964 Septembris.

608 3981 735 4036 Thadeus
753 3979 822 4034 filius
841 3980 929 4034 iacobi
948 3981 981 4034 de
1000 3979 1070 4033 carlo
1089 3980 1122 4033 de
1140 3979 1246 4049 bugella
1264 3980 1384 4050 recipitur
1401 3979 1429 4032 in
1447 3978 1493 4032 col.
1505 3980 1669 4033 instrumento

573 4077 664 4142 recepto
678 4079 725 4142 ριν
746 4070 807 4123 Nob.
827 4069 966 4122 Matheum
984 4067 1106 4122 mestiati.

507 4213 582 4281 1483.
602 4226 644 4278 ²5·
666 4211 820 4264 Nouembris.
855 4183 858 4188 Ι

610 4299 768 4352 Vincentius
786 4299 820 4352 de
837 4297 932 4368 quinto
944 4295 1014 4350 filius
1026 4296 1127 4367 antonij
1142 4296 1176 4350 de
1194 4295 1304 4367 bugella
1322 4296 1441 4368 recipitur
1453 4297 1480 4349 in
1493 4295 1594 4366 collegio
1605 4313 1668 4350 esu-

574 4388 685 4441 mimstus
699 4395 745 4461 per
763 4387 796 4441 N.
816 4385 965 4440 Iohannem
995 4383 1106 4457 tolegni,
1134 4396 1238 4457 petrum
1265 4385 1299 4438 de
1325 4384 1486 4450 seminibus,
1513 4397 1618 4458 petrum
1636 4386 1670 4441 de
