3958 5540
1411 565 1459 620 ¹37

337 673 412 743 (ΒἸ)
442 671 668 728 ADDITIONES
700 671 883 726 STATUTIS
913 673 962 726 DE
991 671 1210 727 POTESTATE
1240 685 1320 726 xxvtt
1350 671 1460 726 Octobr.

294 760 566 817 Mccchxxxlv.
586 791 619 800 -
639 759 694 814 Fol.
713 761 819 814 slimrbr.
841 774 900 814 xttt.

329 918 359 972 ln
378 919 489 972 nomine
508 918 620 972 Domini
648 918 737 972 Nostri
759 899 820 988 §bu
837 901 891 988 'sipi
920 935 1007 972 amen.
1036 920 1119 973 Anno
1138 937 1152 972 a
1171 919 1316 972 Natiuitate
1334 918 1459 972 Eiusdem

293 987 423 1042 Currente
441 989 663 1044 M⁰11112Lxxx
681 1001 774 1059 quarto
793 989 843 1042 dio
854 1007 916 1042 vero
935 989 1075 1060 vigessima
1093 991 1206 1061 septima
1225 991 1324 1042 mensis
1336 989 1460 1043 octobris.

327 1111 419 1182 Ibique
437 1124 583 1166 conuocata
601 1123 628 1164 ct
646 1123 805 1182 congregata
824 1111 970 1166 Credencia
987 1113 1111 1166 comunis
1140 1125 1166 1165 et
1187 1112 1331 1165 hominum
1351 1109 1460 1182 Bugelle

292 1215 360 1252 sono
378 1199 515 1270 Quamne
533 1211 559 1254 et
577 1215 643 1253 voce
661 1200 781 1269 preconis
799 1211 827 1252 vt
845 1201 927 1253 moris
945 1212 984 1254 est
1003 1200 1037 1254 de
1066 1200 1193 1253 mandato
1222 1199 1376 1270 Spectabilis
1391 1198 1460 1268 Juris

292 1286 426 1358 utriusque
444 1287 559 1340 doctoris
577 1287 682 1340 domini
701 1287 881 1341 Bartlrolomei
895 1287 980 1358 Capre
993 1287 1108 1358 Clauarij
1124 1288 1187 1342 dicti
1199 1288 1322 1342 comunis
1334 1303 1365 1340 ac
1380 1286 1461 1340 Nobi·

292 1373 358 1428 lium
377 1387 403 1428 et
420 1375 597 1446 Egregiorum
608 1376 725 1430 virorum
738 1376 865 1428 leronimi
878 1375 976 1445 ferrerij
992 1375 1121 1430 Ludouici
1135 1377 1168 1430 de
1181 1377 1283 1446 grumis
1296 1388 1323 1429 et
1332 1375 1460 1446 Stephani

292 1461 357 1516 secie
375 1462 525 1517 Consulum
544 1464 606 1517 dicti
634 1463 757 1518 comunis
785 1480 864 1534 super
891 1463 992 1534 palacio
1019 1465 1082 1518 dicti
1109 1465 1233 1518 comunis
1257 1465 1309 1518 sito
1327 1464 1354 1516 in
1375 1463 1460 1534 plocio

293 1550 355 1603 dicti
373 1550 425 1604 loci
444 1551 561 1622 bugelle.
582 1551 633 1605 Cui
652 1553 780 1606 coherent
791 1553 825 1606 ab
836 1569 888 1606 vna
901 1563 973 1622 parte
986 1551 1156 1606 Cimiterium
1169 1552 1278 1606 ecclesie
1291 1550 1461 1622 petrochialis

292 1639 374 1692 sancti
390 1639 480 1709 Jacobi
493 1651 520 1694 et
531 1640 564 1694 ab
578 1639 646 1710 Aliis
659 1641 742 1694 tribus
755 1640 870 1711 partibus
882 1640 925 1694 via
937 1641 1060 1694 comums
1073 1639 1158 1710 Super
1170 1657 1224 1712 quo
1237 1641 1346 1711 quidem
1359 1638 1460 1710 palacio

292 1725 359 1780 solet
376 1727 445 1780 dicta
463 1726 609 1781 &edenda
628 1728 770 1782 conuocari
788 1741 814 1780 et
832 1731 989 1798 congregari
1010 1744 1058 1798 pro
1077 1727 1203 1798 Negocijs
1229 1727 1286 1798 Rey
1296 1727 1400 1797 publice
1412 1727 1462 1780 bu·
1530 1721 1538 1732 '

293 1813 362 1884 gelle
379 1816 533 1869 ordinandis
551 1827 578 1869 et
596 1815 790 1886 pertractandis.
809 1815 839 1868 ln
858 1832 911 1886 qua
929 1816 1038 1888 quidem
1067 1815 1213 1870 Credencia
1240 1813 1417 1868 interfuerunt
1434 1827 1461 1868 et

293 1915 426 1972 presentes
443 1901 550 1958 luerunt
566 1904 777 1974 supranominati
796 1903 901 1957 domini
920 1902 1060 1958 Clanarius
1078 1917 1104 1958 et
1120 1904 1242 1958 consules
1261 1920 1291 1957 ac
1304 1902 1459 1974 infrascripti

294 1991 457 2046 Decuriones
475 2003 501 2045 et
519 1992 690 2062 Credendarij
710 1991 773 2046 dicti
792 1991 843 2044 loci
863 1991 981 2062 Bngelle,
1001 1993 1034 2046 Et
1052 1993 1139 2062 primo
1169 1993 1295 2046 dominus
1314 1991 1460 2045 francexius

293 2079 433 2133 Bertodani
449 2080 584 2150 Jobannes
604 2081 767 2133 bertodanus
785 2079 936 2149 Stephanus
953 2081 987 2133 dc
1005 2079 1086 2150 lango
1104 2079 1233 2134 clauarius
1262 2081 1458 2133 massariomm.

294 2167 415 2221 Matheus
433 2167 466 2220 de
484 2167 611 2220 blestiatis
624 2168 717 2220 Petrus
730 2168 764 2221 de
776 2169 929 2221 comittibus
943 2168 1038 2221 Baldus
1050 2185 1133 2238 gener
1140 2169 1292 2238 Jeronimus
1304 2169 1338 2221 de
1351 2165 1461 2221 lantono

293 2256 441 2326 Stephanus
460 2256 493 2309 de
512 2255 645 2309 Rosellate
661 2256 796 2326 Johannes
816 2257 927 2310 Luxona
946 2257 1098 2310 Ludouicus
1117 2257 1150 2310 de
1168 2256 1272 2309 villanis
1285 2255 1459 2310 Guilliermus

294 2343 413 2396 ferrarius
430 2342 524 2396 consul
544 2345 710 2397 notariorum
729 2357 817 2414 petrus
836 2346 870 2398 de
889 2343 1001 2414 serrarijs
1022 2344 1189 2397 Eumilianus
1207 2344 1285 2396 scalis
1298 2343 1461 2414 guillielmus

293 2431 434 2486 Maruchus
452 2431 547 2485 Simon
567 2431 632 2485 secia
647 2433 783 2502 Johannes
802 2431 1030 2502 TrosaJohannes
1049 2433 1083 2486 de
1094 2433 1234 2486 Benedicta
1247 2432 1462 2485 elauariusPelli·

292 2521 426 2590 pariorum
436 2518 581 2591 Gregorius
591 2521 625 2574 de
634 2520 698 2574 leria
707 2520 823 2590 Joannns
835 2521 953 2574 Borriola
965 2519 1104 2574 Clanarius
1116 2520 1460 2590 CarpentariommJohan-

2 2627 84 2669 Α
292 2621 368 2662 nctus
387 2607 452 2662 secia
471 2609 621 2678 Stephanus
633 2609 781 2662 Casalonus
794 2609 923 2662 clauarius
935 2621 1065 2662 sartorum
1080 2608 1229 2678 Stephanus
1242 2609 1276 2662 de
1289 2607 1462 2678 Vergnasclto

2 2695 3 2758 l
57 2668 107 2787 'i
154 2723 162 2742 ο
293 2697 430 2752 Clanarius
440 2695 573 2750 labrorum
581 2697 693 2766 Jacobus
702 2697 735 2750 de
746 2695 858 2767 serrarijs
869 2697 1020 2751 dominicus
1036 2697 1070 2750 de
1079 2696 1167 2760 Carlo,
1178 2697 1297 2750 Andreas
1307 2697 1340 2750 de
1350 2697 1462 2751 Villanis

8 2777 53 2833 “a
289 2783 402 2854 Jacobus
420 2784 453 2837 de
471 2782 542 2836 carlo
561 2784 682 2838 Matheus
700 2786 734 2837 de
752 2784 823 2838 carlo
842 2785 934 2838 Petrus
954 2785 1092 2856 quondam
1104 2783 1186 2853 blaxii
1201 2785 1234 2837 de
1247 2783 1358 2854 ferrariis
1366 2784 1461 2838 Simon

8 2747 180 3010 llo
293 2871 425 2926 Columba
438 2872 523 2924 dictus
535 2873 630 2925 crudus
644 2871 784 2925 Clanarius
796 2873 1001 2941 Caligariorum
1015 2885 1104 2943 petrus
1119 2873 1153 2925 de
1165 2873 1266 2925 tarditis
1279 2873 1463 2926 bartolomeus

293 2961 326 3014 de
337 2959 462 3012 Vercellis
476 2959 630 3013 Leonardus
643 2960 864 3030 scaliaJoltannes
875 2961 907 3015 de
917 2961 1006 3030 Spinis
1017 2961 1143 3014 Nicolaus
1153 2959 1297 3014 Canazana
1308 2961 1462 3014 Anthonius

293 3047 326 3100 de
336 3047 686 3117 montegrandoJeronimus
697 3047 730 3100 de
740 3047 828 3118 Spinis
837 3047 987 3102 Meniredus
995 3065 1077 3116 gener
1087 3047 1215 3100 Martinus
1225 3047 1327 3116 tolegni
1336 3049 1463 3102 dominus

16 3121 26 3143 ⁶
292 3147 379 3206 petrus
389 3135 422 3188 de
431 3135 532 3206 gromis
541 3135 695 3205 Spectabilis
705 3135 831 3189 dominus
845 3136 959 3206 Jacobus
971 3137 1004 3190 de
1019 3136 1127 3205 putheo,
1138 3135 1201 3204 juris
1214 3135 1348 3206 vuiusque
1359 3138 1461 3200 doctor,

21 3203 62 3267 d-
292 3223 418 3276 dominus
430 3223 598 3276 Sebastianus
610 3221 707 3294 ferrerij
722 3223 848 3276 dominus
863 3223 999 3294 Johannes
1011 3223 1044 3276 de
1066 3223 1190 3294 Ratyanis
1209 3223 1334 3276 dominus
1350 3224 1462 3294 Jacobus

293 3324 364 3364 costa
383 3309 538 3365 Anthonius
556 3308 682 3364 senarius
701 3311 786 3364 dictus
804 3312 931 3366 tamiotus
949 3311 1085 3366 Amedeus
1103 3311 1136 3364 de
1154 3309 1275 3382 ferrariis,
1282 3312 1417 3382 Jolrannes
1429 3313 1463 3366 de

293 3399 387 3470 quinto
397 3397 551 3452 Anthonius
561 3399 593 3452 de
603 3397 716 3469 serrarijs
726 3399 892 3468 Augustinus
912 3401 1063 3468 messeranj,
1074 3399 1226 3454 ludouicus
1237 3400 1345 3453 cabania
1355 3400 1463 3454 bartho·

294 3485 398 3540 lomeus
410 3487 451 3540 De
463 3487 597 3556 Mauricijs
608 3488 742 3540 ubertinus
754 3487 901 3558 camparius
913 3487 1042 3541 claumius
1048 3488 1236 3541 bechariorum
1249 3501 1275 3541 et
1283 3488 1409 3552 Quiricus
1420 3503 1463 3541 cu·

293 3574 354 3628 tella
366 3591 461 3630 omnes
473 3575 506 3628 de
519 3569 627 3644 Bugella
640 3587 666 3628 et
678 3576 839 3646 credendarij
860 3577 980 3629 eiusdem
998 3575 1059 3630 loci.
1079 3577 1135 3639 Qui
1155 3577 1302 3630 costituunt
1319 3587 1346 3630 et
1364 3575 1462 3630 iaciunt

292 3673 377 3716 totam
395 3662 569 3717 Credenciam
587 3679 634 3716 seu
653 3662 746 3716 saltem
765 3663 830 3716 duas
849 3675 933 3733 partes
952 3676 979 3716 et
999 3663 1068 3717 ultra
1086 3665 1211 3717 omnium
1222 3663 1462 3718 Credendariorum

293 3751 412 3804 eiusdem
431 3749 490 3804 loci.
511 3750 543 3804 Et
561 3751 605 3820 qui
625 3751 785 3822 credendarij
807 3763 893 3804 totum
922 3751 1051 3822 populum
1070 3751 1121 3804 loci
1151 3752 1260 3820 Bugelle
1278 3765 1304 3804 et
1322 3753 1461 3806 Sanioram

294 3851 394 3910 partem
413 3837 611 3908 Reprnsantant.
630 3839 661 3892 ln
680 3855 731 3908 qua
750 3839 859 3910 quidem
879 3839 1025 3894 Credencia
1056 3840 1125 3894 inter
1154 3853 1239 3894 cetera
1258 3857 1303 3910 per
1320 3841 1391 3910 ipsos
1409 3841 1461 3893 do-

293 3927 398 3981 minum
416 3925 561 3982 clauatium
581 3925 712 3982 Consules
730 3938 756 3980 et
775 3927 969 3982 Credendarios
986 3929 1223 3998 supranominatos
1253 3927 1381 3982 omnibus
1399 3927 1463 3981 exis-

292 4013 413 4080 tentibun
438 4014 465 4068 in
484 4014 626 4068 concordia
644 4027 670 4067 et
689 4015 804 4068 Nemine
822 4015 986 4085 discrepante
1004 4015 1037 4067 de
1056 4014 1192 4068 Conscilio
1212 4014 1372 4085 Spectabilis
1398 4015 1463 4084 juris

292 4101 426 4173 natusque
444 4101 559 4156 doctoris
578 4101 684 4156 domini
699 4102 790 4172 Jacobi
809 4103 842 4156 de
861 4103 966 4156 Putlteo
985 4101 1046 4155 Nati
1065 4101 1168 4154 Nobilis
1182 4101 1301 4155 Simonis
1313 4101 1346 4154 de
1358 4101 1463 4156 Putlreo

293 4189 327 4242 de
345 4189 462 4260 Bugella.
482 4190 523 4242 Ad
543 4191 675 4244 honorem
693 4190 745 4260 dey
763 4201 790 4242 et
808 4189 887 4243 Reate
906 4190 992 4243 marie
1009 4189 1121 4258 virginis
1140 4205 1170 4242 ac
1189 4189 1331 4244 Beatorum
1355 4189 1461 4260 Eusebij

293 4277 438 4348 sthephani
458 4289 484 4332 et
498 4278 588 4347 Jacobi
608 4291 780 4348 patronorum
799 4278 917 4332 eiusdem
936 4278 989 4332 loci
999 4293 1028 4330 ac
1039 4278 1072 4330 ad
1085 4278 1216 4330 honorem
1235 4277 1406 4332 lllustrissimi
1417 4279 1463 4358 do-

293 4365 359 4420 mini
377 4365 481 4420 domini
500 4365 589 4420 Caroli
608 4366 739 4420 Sabaudie
757 4377 806 4420 etc.
825 4365 899 4420 ducis
917 4365 1022 4420 domini
1040 4365 1160 4420 eiusdem
1179 4365 1230 4420 loci
1243 4365 1354 4436 Bugelle
1372 4383 1402 4420 ac
1420 4367 1454 4422 ad

2 3108 7 3164 l
