3958 5540
532 453 567 523 9⁶

570 587 609 644 34.
628 573 699 628 Item
717 573 789 644 quod
807 588 823 628 o
841 570 999 626 molendino
1018 569 1094 641 placij
1114 569 1232 640 superius
1259 568 1348 622 nullus
1375 568 1494 622 extrahet
1519 569 1636 640 Ruginsn
1660 569 1693 622 de

531 677 580 717 suo
599 661 668 715 lecto
686 661 715 714 in
733 671 791 714 toto
809 675 859 713 nee
877 659 905 712 in
923 670 996 728 peste
1013 657 1042 711 in
1061 659 1150 712 benno
1167 656 1315 710 solidotum
1333 655 1390 710 XL.

570 833 610 887 35,
629 817 699 871 Item
718 815 790 888 quod
807 832 824 869 a
841 813 998 868 molendino
1016 813 1124 866 inferius
1142 813 1219 866 licent
1237 811 1344 866 cuilibet
1374 811 1504 866 habitanti
1531 811 1559 865 in
1587 811 1693 883 bugella

531 905 615 960 lucere
633 905 661 957 in
680 905 735 974 ipss
753 915 780 957 et
796 904 830 958 de
848 904 903 973 ipsa
921 918 997 956 suem
1015 901 1165 955 utilitatem

569 1060 609 1131 36.
628 1061 699 1115 Item
716 1061 788 1132 quod
806 1059 828 1114 si
846 1059 934 1130 plures
951 1057 1106 1112 nccessetim
1123 1056 1204 1110 simul
1222 1057 1255 1110 ad
1273 1057 1358 1126 ipsum
1386 1055 1540 1126 mpiendam
1572 1073 1619 1126 pro
1638 1069 1693 1111 mm

531 1165 702 1220 personarum
720 1147 853 1200 diuidatm
870 1147 927 1201 sine
945 1145 1144 1215 contemptione
1161 1145 1249 1214 aliquo
1267 1145 1336 1197 inter
1353 1159 1399 1197 eos
1417 1143 1501 1214 etqui
1512 1143 1693 1198 connnlecetit

530 1235 618 1290 soluat
635 1235 735 1290 solidos
754 1233 816 1288 XX.

569 1407 609 1460 37.
628 1391 699 1446 Item
717 1392 788 1462 quod
806 1390 896 1446 nullus
913 1399 998 1444 totam
1016 1390 1114 1444 dictem
1132 1389 1236 1460 rugiam
1254 1389 1336 1460 possit
1356 1388 1473 1460 accipere
1491 1404 1543 1442 unt
1569 1389 1627 1442 uice
1644 1389 1693 1442 sub

538 1479 654 1550 predicto
673 1481 770 1532 banno.

570 1635 610 1704 38.
628 1634 699 1689 Item
717 1635 789 1705 quod
808 1647 947 1706 postquam
964 1634 1059 1704 aliquis
1076 1645 1177 1703 puttetn
1195 1631 1323 1703 acceperit
1340 1633 1373 1686 de
1392 1633 1447 1702 ipsu
1465 1633 1532 1686 nllus
1551 1650 1597 1702 ρετ
1608 1645 1693 1686 totam

532 1721 606 1776 illum
624 1723 696 1776 diem
714 1739 773 1776 mm
791 1721 902 1776 aufferre
919 1738 975 1776 non
995 1721 1076 1792 possit
1093 1722 1121 1774 in
1140 1723 1229 1774 banno
1247 1720 1394 1774 solidorum
1412 1720 1445 1773 tt

571 1895 611 1950 39.
630 1880 701 1934 Item
719 1879 792 1949 quod
810 1879 838 1932 in
856 1879 914 1932 aliis
932 1879 1014 1948 rugiis
1032 1877 1076 1931 uel
1094 1877 1182 1932 sulciis
1195 1877 1355 1931 comunibus
1367 1877 1435 1931 inter
1445 1877 1549 1950 aliquos
1557 1889 1694 1932 seruentur

535 1967 585 2020 nia
603 1978 699 2021 statuta
717 1967 837 2038 proxime
855 1967 1009 2037 supradicte

567 2138 610 2190 40.
628 2124 700 2178 Item
718 2125 790 2196 quod
807 2141 824 2178 a
841 2123 999 2178 molendino
1016 2141 1093 2195 suptu
1111 2141 1157 2194 ρετ
1174 2124 1265 2178 locum
1283 2124 1358 2195 plecij
1374 2125 1464 2178 nullus
1475 2125 1569 2178 debent
1580 2124 1608 2176 in
1618 2125 1693 2195 rugio

533 2227 631 2281 ponere
649 2210 693 2264 uel
710 2209 794 2264 fecere
811 2211 912 2282 aliquid
929 2221 1006 2281 turpe
1023 2212 1056 2265 ab
1074 2227 1168 2264 aurore
1186 2227 1269 2283 usque
1286 2213 1320 2264 ad
1337 2211 1447 2266 terciam
1465 2212 1514 2266 sub
1532 2213 1621 2264 banno
1633 2210 1694 2265 soli·

533 2299 630 2352 dotum
648 2297 681 2351 V.

568 2469 611 2521 4τ.
630 2454 700 2508 Item
718 2455 790 2526 quod
808 2455 837 2509 in
855 2455 937 2525 plotio
955 2454 1045 2508 nullus
1063 2466 1151 2508 tenent
1169 2455 1292 2508 latrinam
1309 2472 1360 2525 que
1373 2455 1474 2508 labetur
1485 2455 1514 2508 in
1526 2455 1630 2525 rugium
1643 2474 1692 2511 noc

531 2559 609 2612 supet·
626 2541 711 2611 ripam
730 2541 786 2595 eius
805 2555 886 2612 ponet
904 2543 1021 2595 lemnum
1039 2555 1085 2596 eut
1112 2542 1241 2612 superflua
1273 2555 1366 2595 nature
1393 2543 1508 2612 deponat
1537 2544 1586 2597 sub
1605 2545 1693 2598 banno

533 2628 682 2683 solidorum
702 2629 759 2682 XX.

567 2817 610 2869 42.
628 2803 700 2857 Item
717 2803 789 2874 quod
808 2803 917 2875 quilibet
934 2803 1035 2872 habens
1054 2815 1163 2873 pontem
1182 2820 1260 2874 super
1278 2805 1382 2874 rugiam
1395 2817 1456 2858 onte
1468 2806 1581 2860 domum
1593 2806 1695 2860 sueha-

534 2891 673 2944 bitncionis
691 2891 778 2960 ipsum
796 2903 885 2944 tenere
897 2893 964 2944 bene
978 2903 1093 2944 actatum
1106 2891 1160 2944 suis
1177 2892 1325 2962 sumptibus
1344 2904 1463 2946 tenentur
1475 2893 1524 2946 sub
1536 2894 1624 2946 banno
1635 2894 1692 2947 xit

567 3064 610 3118 43.
629 3048 700 3102 Item
718 3048 789 3119 quod
808 3047 836 3100 in
855 3059 941 3101 cetero
960 3047 1026 3100 iusta
1046 3063 1123 3118 posse
1141 3047 1187 3101 lint
1206 3065 1258 3102 una
1277 3060 1351 3118 porta
1369 3066 1415 3121 ρετ
1433 3065 1547 3104 comune
1560 3066 1693 3121 perquam

532 3137 615 3208 possit
632 3137 723 3189 emhi
741 3137 816 3206 rugia
828 3137 862 3189 de
879 3135 956 3189 lecto.

567 3309 610 3360 44.
630 3294 700 3348 Item
718 3295 789 3364 quod
808 3293 930 3346 consules
947 3309 1042 3346 omnes
1060 3293 1140 3346 simul
1160 3295 1260 3362 possint
1280 3295 1342 3346 dere
1360 3294 1498 3348 licenciam
1512 3297 1630 3364 capiendi
1644 3297 1694 3350 Ru-

532 3383 605 3451 giam
623 3381 656 3434 od
674 3381 772 3434 dictem
792 3392 894 3449 portum
912 3392 938 3433 et
957 3380 1069 3432 ducendi
1090 3397 1135 3448 per
1153 3379 1261 3450 planum
1279 3393 1306 3434 et
1324 3393 1395 3434 extro
1407 3381 1440 3434 ad
1453 3383 1629 3452 possessiones
1646 3396 1694 3436 ter-

534 3469 617 3522 ritorii
637 3468 742 3539 bugelle
760 3478 873 3520 tantum.

567 3642 610 3696 45.
629 3627 699 3680 Item
717 3627 790 3697 quod
808 3626 854 3696 qui
872 3625 976 3679 duxerit
994 3625 1092 3680 dictam
1110 3627 1214 3696 rugiam
1232 3637 1352 3682 tenentur
1377 3628 1439 3682 dore
1469 3627 1578 3682 comuni
1596 3629 1695 3683 solidos

532 3714 591 3769 Lx.
610 3731 658 3784 pto
680 3713 797 3786 quolibet
816 3714 882 3767 uice.

566 3842 609 3936 46.
628 3870 699 3925 Item
717 3871 789 3942 quod
808 3871 890 3940 possit
908 3889 968 3925 mm
986 3873 1082 3925 ducere
1100 3883 1204 3926 tantum
1222 3865 1271 3924 die¹
1283 3872 1365 3926 sabuti
1384 3874 1417 3927 ab
1435 3872 1502 3928 horn
1520 3890 1592 3926 nont
1610 3890 1693 3944 usque

531 3957 564 4011 ad
583 3970 673 4012 ortum
690 3957 753 4012 solis
771 3958 824 4011 diei
842 3959 987 4029 sequentis.

568 4128 611 4181 47.
631 4113 701 4168 Item
720 4095 791 4183 quod
810 4125 930 4184 quartum
949 4126 1050 4184 partem
1068 4113 1157 4168 venire
1176 4132 1221 4185 ρετ
1240 4115 1354 4185 plocium
1383 4117 1482 4169 directe
1510 4128 1629 4170 tenentur
1646 4120 1694 4172 sub

534 4201 625 4254 benno
644 4200 796 4254 solidorum
813 4201 846 4254 it
