3978 5546
1443 471 1474 526 ¹5

308 580 351 634 uel
370 579 482 634 laborari
501 579 591 634 lecerit
609 581 637 634 in
656 579 747 652 aliquo
768 580 947 652 predictorum
962 579 1090 636 festorum
1103 592 1129 634 et
1141 579 1169 634 in
1182 579 1241 634 aliis
1253 579 1398 635 maioribus
1409 579 1479 635 leati-

308 669 434 724 uitatibus
452 671 473 724 si
493 668 571 723 luerit
590 669 717 724 dominus
735 668 831 724 laboris
849 668 936 723 soluat
955 670 1074 723 bannum
1086 668 1135 723 sol.
1156 667 1188 722 V.
1209 685 1252 740 pp.
1270 669 1292 722 si
1317 667 1395 723 luerit
1407 669 1478 724 labo·

308 769 379 813 rator
395 759 442 830 qui
460 759 562 812 laboret
580 773 628 828 pro
646 759 735 830 precio
753 758 842 812 denar.
860 757 919 812 XII.
938 773 980 828 pp.
999 758 1033 811 Et
1050 757 1079 812 in
1098 757 1195 812 eodem
1214 758 1301 812 banaa
1313 757 1366 812 sint
1380 756 1478 812 festini·

308 859 374 901 tates
391 859 543 902 sanctorum
563 859 590 902 et
607 859 757 901 sanctarum
775 847 896 920 Nicolay.
917 847 1031 902 Martini.
1045 847 1167 900 Victoris.
1181 845 1328 900 Theodori.
1343 847 1476 902 Bemardi.

309 935 438 1006 Mauricij.
458 935 578 990 Carioni.
597 936 681 990 blarie
699 935 865 1006 Magdaiene.
878 935 1008 989 blichaelis
1028 947 1055 988 et
1067 933 1177 1004 Georgii
1191 935 1234 1004 (1)
1247 947 1273 989 et
1283 934 1372 988 Sancti
1382 935 1476 1006 Augu-

308 1024 371 1078 stini
389 1023 546 1078 confessoris
564 1035 591 1078 et
608 1037 698 1079 sancte
716 1025 861 1078 Katherine
878 1023 996 1095 virginis
1015 1023 1048 1077 Et
1067 1023 1136 1078 beati
1155 1023 1257 1077 Marcili
1276 1023 1439 1094 euangeliste
1451 1035 1477 1080 et

308 1113 392 1168 sancti
409 1111 481 1166 Luce
499 1124 526 1166 et
544 1112 661 1184 corporis
680 1112 788 1168 Christi.

345 1287 387 1344 73.
405 1272 474 1328 Item
492 1283 620 1326 statumm
639 1283 678 1326 est
696 1273 768 1344 quod
787 1273 833 1344 qui
846 1271 991 1327 ascenderit
1005 1289 1083 1344 super
1094 1272 1226 1344 aliquibus
1239 1269 1355 1327 ecclesiis
1371 1271 1477 1344 bugelle

308 1361 397 1434 aliqua
415 1359 448 1415 de
466 1377 544 1416 caum
561 1361 650 1416 soluat
667 1363 786 1416 bannum
805 1361 854 1416 sol.
873 1361 931 1416 XX.
945 1378 987 1433 pp.
1000 1361 1051 1416 nisi
1065 1361 1217 1416 ascenderet
1229 1377 1306 1416 causa
1318 1361 1477 1416 meliorandi

309 1465 386 1522 ¹9⁵²&

345 1609 388 1665 74
407 1595 450 1664 (ι)
468 1593 537 1649 Item
555 1605 682 1648 statutum
702 1594 832 1666 estquod
849 1591 945 1664 aliquis
967 1594 1052 1647 bomo
1079 1592 1212 1648 masculus
1236 1593 1270 1647 de
1296 1591 1403 1664 bugella
1429 1609 1476 1648 seu

309 1683 431 1738 babitans
449 1683 478 1738 in
497 1682 603 1754 bugella
621 1699 644 1737 a
663 1683 722 1737 XII.
740 1683 817 1736 annis
835 1681 955 1752 superius
972 1697 1028 1736 non
1047 1681 1143 1735 audeat
1162 1681 1204 1735 uel
1224 1693 1358 1752 presumat
1377 1681 1417 1735 ire
1443 1681 1477 1736 ad

310 1770 375 1825 Ietta
393 1771 436 1826 uel
459 1771 564 1843 uigilias
591 1783 743 1826 sanctorum
769 1771 892 1824 laurentii
919 1771 953 1824 de
981 1771 1110 1824 andumo.
1142 1770 1269 1824 Germani
1298 1770 1331 1824 de
1357 1769 1477 1842 tolegno.

310 1859 413 1924 Quirici
431 1859 465 1914 de
483 1859 605 1914 clauazia.
624 1859 719 1914 Sancte
738 1859 821 1913 Marie
839 1860 872 1913 de
891 1875 981 1912 mono.
999 1870 1027 1912 et
1045 1857 1156 1930 lic-dulij.
1176 1857 1265 1912 Sancti
1280 1857 1423 1930 Jacobide
1442 1859 1479 1930 pi·

310 1961 435 2020 tencngo.
454 1947 544 2003 Sancti
563 1947 684 2002 laurentii
704 1949 737 2002 de
754 1948 917 2019 ponderano.
937 1948 1033 2002 Sancte
1054 1947 1136 2001 blarie
1163 1947 1196 2001 de
1224 1947 1359 2001 Auiliano.
1388 1947 1477 2002 Sancti

310 2035 432 2092 laurentii
452 2050 478 2092 et
497 2037 567 2092 Petri
586 2037 619 2092 de
638 2037 757 2092 candelo.
777 2037 866 2090 Sancti
885 2037 955 2090 Petri
975 2037 1008 2090 de
1026 2035 1183 2091 Gallianico.
1212 2035 1308 2090 Sancte
1335 2035 1418 2090 Marie
1445 2036 1479 2090 de

310 2126 466 2181 sendiliano.
485 2125 575 2182 Sancti
593 2125 713 2198 supplicii
733 2127 766 2180 de
785 2125 914 2180 borrinna.
934 2125 1023 2180 Sancti
1042 2125 1147 2196 Eusebij
1177 2127 1210 2179 de
1238 2142 1361 2180 mezano.
1389 2125 1478 2180 Sancti

310 2215 430 2286 stephani
449 2215 482 2269 de
500 2215 609 2286 occlepo
627 2215 763 2286 superiori.
792 2213 882 2268 Sancti
908 2213 1028 2268 theodoli
1056 2213 1089 2267 de
1117 2213 1225 2284 polono.
1254 2226 1280 2268 et
1306 2213 1352 2285 qui
1378 2225 1479 2268 contra·

310 2301 399 2358 lecerit
417 2303 504 2358 soluat
522 2319 569 2376 pro
588 2302 708 2375 quolibet
724 2315 751 2357 et
772 2303 889 2375 qualibet
907 2303 965 2356 uice
983 2301 1031 2356 sol.
1052 2301 1109 2356 XX.
1124 2319 1165 2374 pp.
1185 2303 1227 2374 (2)
1246 2301 1280 2358 Et
1290 2302 1413 2357 consules
1422 2319 1478 2357 non

311 2392 412 2464 possint
430 2393 492 2446 dare
513 2391 661 2446 licenciam.

347 2569 389 2624 75.
409 2553 476 2608 Item
494 2565 623 2608 statutum
641 2564 680 2608 est
700 2555 772 2625 quod
790 2553 868 2608 Prior
885 2565 912 2608 et
929 2553 1064 2608 meseale
1085 2552 1215 2608 conlmrie
1242 2554 1354 2609 debeant
1381 2555 1479 2628 eligere

311 2641 426 2714 priorem
445 2653 472 2698 et
490 2642 625 2696 mestrales
644 2643 720 2696 omni
739 2659 811 2697 anno
829 2642 876 2714 qui
895 2641 993 2696 fuerint
1011 2643 1149 2712 necessarii
1169 2659 1217 2713 pro
1229 2644 1349 2714 sequenti
1362 2655 1480 2709 anno,et

310 2731 360 2802 ipsi
379 2732 491 2786 debeant
509 2747 565 2785 esse
582 2731 730 2785 secundum
748 2731 821 2802 quod
840 2729 915 2784 eiecti
936 2728 1040 2784 luerint.
1060 2731 1149 2802 etqui
1169 2731 1285 2785 noluerit
1310 2748 1366 2786 esse
1392 2731 1479 2787 soluat

311 2821 430 2874 bannum
449 2819 497 2874 soi.
516 2819 574 2874 XX.
594 2835 636 2892 pp.
655 2831 746 2891 postea
764 2819 806 2872 sit.
825 2819 875 2872 nisi
894 2817 1002 2872 haberet
1021 2820 1117 2872 iustam
1137 2819 1343 2874 excusationem.
1363 2821 1397 2874 Et
1418 2837 1479 2876 con·

311 2907 381 2964 sules
399 2908 512 2962 debeant
530 2923 577 2962 eos
595 2924 690 2980 cogere
709 2919 738 2961 ut
757 2907 871 2979 predicta
890 2905 994 2961 iaciant.
1014 2919 1040 2960 et
1057 2909 1128 2978 prIor
1146 2920 1173 2962 et
1191 2909 1318 2962 sarestani
1340 2921 1480 2964 teneantur

311 2997 387 3052 omni
406 3013 478 3051 anno
497 2997 525 3050 in
539 2995 636 3050 uirtute
645 2996 757 3067 Spin'ttu
770 2996 859 3050 Sancti
870 2994 953 3049 lacere
964 2997 1094 3050 rationem
1105 2997 1258 3050 consulibus
1268 3009 1293 3051 et
1305 2995 1480 3053 confratribus

311 3087 356 3160 qui
375 3085 511 3140 noluerim
528 3085 654 3140 interesse
672 3087 724 3154 (3).
743 3084 810 3140 Infra
824 3101 956 3139 menssem
970 3099 1029 3156 post
1039 3102 1115 3157 pasca
1124 3097 1287 3156 pentecostes
1297 3088 1434 3159 (1)usque
1446 3089 1479 3144 ad

310 3188 429 3232 sanctam
449 3175 560 3228 Mariam
579 3174 612 3228 de
631 3175 721 3228 medio
740 3175 872 3246 Augusto.
886 3175 1047 3246 etpriorqui
1057 3191 1111 3228 non
1122 3175 1264 3230 reddiderit
1276 3177 1405 3230 rationem
1419 3193 1480 3231 con·

311 3263 412 3320 solibus
426 3263 548 3318 comunis
558 3262 624 3318 inira
634 3263 735 3318 dictum
748 3263 894 3318 terminum
903 3277 1017 3334 quatuor
1029 3263 1189 3334 sapientibus
1202 3265 1291 3318 electis
1301 3282 1347 3336 per
1358 3265 1480 3318 consules

311 3353 344 3410 ad
362 3353 460 3409 dictam
480 3353 611 3408 rationem
621 3353 790 3407 audiendam.
801 3353 887 3407 soluat
897 3353 1015 3408 bannum
1027 3353 1074 3406 sol.
1087 3353 1140 3407 LX.
1152 3371 1193 3424 pp.
1205 3367 1230 3408 et
1243 3371 1290 3426 pro
1300 3353 1417 3426 qualibet
1426 3371 1480 3426 sep

312 3443 412 3498 limana
431 3439 479 3496 soi.
500 3441 557 3496 XX.
577 3458 619 3514 pp.
639 3459 691 3514 que
710 3443 797 3496 banna
815 3441 937 3498 consules
955 3455 1095 3496 teneantur
1113 3456 1235 3496 excutere
1252 3443 1319 3498 sicut
1328 3441 1379 3496 alia
1393 3443 1480 3498 banna

311 3531 434 3588 comunis
453 3548 609 3604 percorum
629 3545 832 3586 sacramentum.
852 3544 878 3586 et
897 3531 1018 3584 consules
1040 3548 1095 3584 non
1124 3532 1225 3602 possint
1252 3531 1314 3585 dare
1341 3531 1479 3586 licenciam

312 3637 360 3676 nec
379 3621 529 3694 pennittcre
542 3621 605 3692 poni
618 3619 646 3674 in
657 3619 796 3674 credentia.
812 3633 837 3674 et
847 3619 958 3692 quilibet
967 3620 1047 3690 possit
1058 3637 1178 3673 accusare
1191 3631 1217 3673 et
1226 3633 1346 3674 teneatur
1355 3621 1479 3692 priuatus.

347 3762 390 3834 76.
409 3763 476 3818 Item
495 3773 623 3816 sucatum
642 3775 681 3816 est
699 3763 771 3834 quod
790 3762 902 3834 quilibet
920 3761 953 3816 dc
971 3761 1100 3816 confraria
1120 3761 1232 3832 bugella.
1246 3775 1273 3817 et
1285 3763 1331 3835 qui
1342 3763 1480 3818 intrauerit

311 3851 442 3924 inlpsam
461 3861 582 3908 teneatur
599 3861 625 3904 et
643 3851 737 3905 debeat
755 3851 859 3906 soluere
878 3849 985 3904 sicalem
1006 3849 1038 3903 ad
1058 3861 1178 3904 sanctum
1197 3851 1335 3906 eusebium
1354 3852 1480 3908 etdeaat.

339 4083 366 4134 (a)
375 4081 435 4132 Qun
446 4092 558 4136 sequnntur
566 4095 610 4136 cap.
619 4081 679 4124 niba
693 4084 795 4136 posterius
803 4083 878 4136 scripta
892 4091 947 4124 sunt.

339 4153 426 4208 (aICrp.
440 4153 479 4194 boc
489 4154 616 4204 interjectum
630 4163 701 4208 postea
712 4163 751 4194 cst:
766 4167 832 4208 neque
847 4153 931 4194 initialis
947 4153 991 4206 ejus
1008 4153 1065 4194 litem
1082 4155 1179 4196 ariniara:
1197 4153 1330 4198 aibIlomlnus
1347 4155 1420 4198 codem
1436 4167 1481 4196 cu·

314 4233 379 4266 tam
389 4233 479 4277 mpori
490 4225 578 4264 videtur.

339 4295 366 4350 ῃ)
376 4293 455 4336 Vmber
470 4293 523 4349 lusu
540 4307 643 4338 nram.-
658 4294 765 4337 oblitcrata
775 4305 831 4336 snat.
