3918 5554
501 635 532 688 A.
553 633 729 688 STATUTA
749 631 1012 686 FERRARIORUM
1032 631 1206 686 BUGELLE.

306 813 361 866 Hec
380 823 441 863 sunt
459 810 573 880 quedam
591 809 693 862 Statuta
706 821 731 862 et
741 809 924 862 ordinamenta
937 809 1060 861 omnium
1072 807 1250 860 Ferrarioruna
1263 808 1313 861 loci
1329 809 1438 877 bugelle

270 897 335 952 iacta
348 898 381 952 ad
394 898 526 951 honorem
540 896 669 950 ditissimi
687 883 732 966 'sipi
763 883 807 966 x-pi
831 909 858 950 et
876 896 1025 948 beatissime
1044 895 1126 948 biarie
1144 896 1254 964 virginis
1273 897 1362 948 lintris
1382 898 1438 948 eius

270 1002 300 1038 ac
319 985 460 1038 beatissimi
480 984 585 1053 Eusebij
607 985 720 1036 martiris
739 997 764 1036 et
783 984 905 1036 omniunt
918 996 1068 1034 sanctnnnn
1088 995 1166 1052 atque
1185 984 1340 1036 uenerabilis
1359 985 1438 1053 patris

270 1073 373 1126 domini
392 1073 525 1143 llymonis
543 1072 585 1125 dei
603 1072 686 1142 gratia
705 1072 826 1141 Episcopi
845 1071 1010 1124 vercellensis
1029 1083 1055 1123 et
1073 1070 1188 1124 Comitis
1206 1087 1236 1124 ac
1254 1072 1339 1124 eciam
1352 1072 1438 1124 tocius

271 1160 445 1214 uniuersitatis
464 1159 572 1230 predicti
591 1159 643 1212 loci
662 1159 779 1228 bugelle.
799 1159 880 1212 Anno
894 1157 1038 1212 millesimo
1049 1158 1232 1213 ducentesimo
1242 1160 1438 1229 septuagesimo

271 1247 373 1320 quinto.
392 1248 540 1302 indictione
557 1247 637 1302 tercia
656 1248 826 1301 existentibus
845 1246 1014 1318 infrascriptis
1033 1247 1156 1317 Ferrarijs
1175 1247 1300 1310 Quorum
1327 1249 1438 1302 nomina

271 1351 334 1390 sunt
352 1337 410 1390 hec.

272 1425 361 1479 bonus
376 1426 512 1496 Johannes
530 1425 660 1479 baldricus
855 1423 978 1477 Perrotus
998 1422 1068 1477 filius
1085 1441 1110 1494 q.
1131 1423 1263 1496 Boragasij
1283 1423 1403 1478 serrarius

272 1513 401 1567 Hearicus
420 1513 489 1568 filius
507 1530 532 1584 q.
552 1514 648 1584 perroti
670 1512 777 1582 Ferrarii
852 1511 1005 1566 Albertinus
1024 1512 1156 1566 Ferrarius

268 1601 435 1670 Johannotus
454 1601 585 1655 Ferrarius
851 1599 1043 1653 Marescalclrus

273 1689 417 1743 Andumus
847 1687 959 1757 Jacobus
978 1687 1110 1740 Ferrarius
1128 1689 1161 1741 de
1179 1688 1314 1742 Arabiano

273 1777 387 1830 Guiotus
406 1777 550 1831 Fomascus
846 1775 999 1828 Albeninus
1018 1776 1050 1828 de
1070 1789 1143 1845 petro
1163 1775 1235 1828 saluo

270 1865 382 1934 jacobus
401 1866 507 1919 dotatus
844 1863 946 1917 Marcus
966 1863 1097 1916 Ferrarius

275 1953 402 2006 llartinus
421 1953 538 2006 Rubeius
845 1951 939 2021 Gylius
957 1953 991 2004 de
1010 1953 1110 2021 polono

278 2041 400 2094 Peninus
419 2042 565 2110 vederagna
850 2039 973 2092 Perrotus
992 2041 1024 2092 de
1043 2043 1132 2093 donna
1152 2041 1226 2094 Golr.

281 2220 307 2268 1.
332 2203 379 2284 (1)
403 2199 453 2266 De
476 2221 625 2265 mensura
648 2195 788 2264 Carboni
812 2196 851 2264 ad
875 2196 1026 2266 Corbem.

310 2305 443 2376 imprimis
461 2317 607 2358 statuerunt
625 2318 651 2358 et
669 2304 860 2357 ordinauerunt
878 2304 960 2366 Quod
988 2303 1077 2358 nullus
1107 2303 1238 2358 Ferrarius
1267 2306 1300 2360 de
1328 2305 1437 2374 bugella

274 2396 331 2448 siue
349 2394 382 2448 de
400 2411 478 2446 orum
497 2393 611 2462 paradeo
630 2393 723 2444 debeat
741 2409 892 2444 mensurare
911 2391 1063 2446 Carbonem
1081 2393 1114 2446 ad
1132 2393 1248 2464 aliquam
1270 2395 1376 2446 corbam
1390 2411 1442 2463 que

275 2500 329 2536 non
349 2483 382 2535 sit
400 2493 549 2534 mensurata
568 2497 613 2550 pet
631 2479 762 2533 Consules
781 2479 948 2532 ferrariorum
967 2480 1077 2548 Bugelle
1095 2479 1137 2532 uel
1157 2498 1202 2551 per
1220 2497 1313 2534 eorum
1333 2497 1441 2534 coincor-

275 2571 355 2624 diant.
373 2570 407 2623 Et
425 2570 477 2623 hoc
495 2570 543 2622 sub
562 2585 629 2638 pena
647 2567 793 2621 solidorum
813 2569 854 2638 (2)
874 2607 1012 2621 ......
1033 2585 1080 2639 pro
1098 2568 1214 2638 qualibet
1233 2569 1298 2622 uice.

277 2749 308 2797 2.
332 2729 381 2796 De
404 2749 470 2795 noa
494 2725 632 2794 emendo
656 2725 785 2815 aliquod
808 2724 927 2794 ferrum
951 2725 1100 2800 furatum.

311 2835 378 2888 Item
397 2834 469 2905 quod
488 2832 577 2886 nullus
596 2831 728 2885 Ferrarius
746 2833 780 2884 de
798 2831 849 2885 isto
868 2833 982 2902 paratico
1001 2832 1049 2886 sub
1072 2849 1138 2903 pena
1166 2833 1322 2887 sacramenti
1350 2833 1443 2887 debeat

276 2939 364 2976 emere
382 2921 490 2991 aliquod
509 2920 605 2973 serrum
625 2920 697 2990 quod
717 2919 793 2972 suerit
812 2921 963 2990 aliquorum
982 2921 1160 2974 Ferrariorunt
1184 2921 1217 2974 de
1251 2923 1301 2974 isto
1330 2922 1444 2990 paratico

276 3011 359 3063 silicet
377 3010 448 3080 quod
468 3021 535 3061 esset
553 3009 585 3060 de
605 3007 674 3060 lurto
694 3009 736 3060 uel
756 3008 852 3061 furtiue
870 3023 955 3078 capto.
975 3009 1046 3061 Etsi
1067 3022 1197 3060 erneretur
1217 3009 1284 3062 lllud
1305 3023 1398 3062 notum
1411 3009 1445 3060 la·

277 3099 327 3152 ciet
349 3099 388 3151 illi
406 3097 452 3168 qui
471 3097 536 3151 illud
555 3097 679 3150 amiserit
698 3097 731 3150 Et
750 3098 801 3150 hoc
819 3098 868 3150 sub
887 3099 976 3151 banno
994 3097 1141 3150 solidorum
1154 3097 1204 3150 XX
1216 3099 1381 3168 papiensium
1397 3113 1444 3166 pro

278 3185 394 3258 qualibet
413 3187 479 3240 uice.

280 3363 308 3432 3.
333 3345 382 3411 De
406 3366 473 3410 non
496 3341 651 3411 vastando
674 3340 803 3432 aliquod
827 3343 966 3430 signum.

314 3451 380 3504 ltent
399 3452 471 3522 quod
490 3449 579 3503 nullus
599 3449 729 3502 Ferrarius
748 3449 780 3502 de
800 3448 908 3516 bugella
928 3449 984 3500 siue
1003 3449 1035 3500 de
1054 3447 1104 3500 isto
1124 3448 1239 3516 paratico
1258 3450 1350 3502 debeat
1369 3451 1446 3502 deua-

278 3552 345 3592 stare
363 3540 470 3609 aliquod
489 3539 596 3606 signum
616 3537 644 3591 in
663 3537 753 3606 aliquo
773 3536 931 3588 ferramento
961 3537 1010 3588 nisi
1039 3536 1183 3589 occasione
1214 3539 1388 3606 reparacionis
1421 3551 1447 3590 et

278 3627 385 3697 quando
404 3627 519 3679 crederet
538 3627 589 3679 lroc
608 3623 663 3677 fieri
682 3625 709 3676 in
730 3623 847 3676 fraudent
863 3623 937 3676 nullo
948 3625 1029 3676 niodo
1044 3625 1197 3676 deuastaret.
1210 3625 1241 3676 lit
1255 3625 1305 3676 lroc
1319 3626 1366 3676 sub
1381 3642 1446 3694 pena

280 3715 426 3768 solidorum
446 3714 538 3768 decem
558 3712 722 3784 papiensium
742 3728 789 3781 pro
808 3712 923 3782 qualibet
942 3712 1009 3764 uice.

281 3894 312 3958 4.
337 3871 386 3938 De
410 3869 513 3938 Cereo
528 3835 696 3938 'faciendo

316 3979 383 4032 ltem
401 3978 474 4048 quod
492 3975 603 4048 quilibet
622 3975 752 4030 Ferrarius
770 3976 803 4030 de
822 3975 931 4044 Bugella
949 3987 1069 4028 teneatur
1088 3987 1113 4028 et
1132 3975 1223 4028 debeat
1234 3974 1372 4028 annuatim
1383 3991 1448 4028 sem·

281 4083 327 4138 per
345 4067 373 4120 in
392 4065 459 4120 festo
478 4065 560 4120 sancti
579 4064 726 4135 Stephanni
746 4063 829 4118 iacere
848 4065 963 4119 Cereunt
982 4081 1065 4116 rnunr
1084 4065 1116 4118 de
1135 4063 1199 4116 libra
1220 4081 1270 4116 vna
1289 4077 1314 4116 et
1325 4063 1411 4116 media
1423 4075 1448 4116 et

309 4261 336 4310 (1)
351 4259 418 4312 Capit.
434 4259 511 4298 numeri
527 4258 600 4298 desunt
615 4258 635 4298 ia
651 4257 729 4304 codice,
745 4269 782 4297 nos
803 4257 917 4308 adijcimus.

307 4331 337 4382 (a)
354 4330 420 4370 luem
435 4341 521 4370 ruuus.
