3958 5540
1428 529 1460 584 75

295 695 618 768 REPERTORIUM
642 689 959 761 STATUTORUM
984 689 1189 760 COMUNIS
1214 687 1463 758 BUGELLE.I¹)

316 909 338 948 1.
358 889 518 946 RUBRICA
537 887 585 942 DE
604 884 842 942 CONSULIBUS.

311 980 362 1051 (1).
380 980 400 1032 Ι.
419 975 614 1032 sacramentale
632 973 781 1028 consulum.

313 1071 356 1138 (2)
374 1067 406 1120 II.
426 1067 462 1120 Vt
480 1063 602 1120 consules
624 1063 717 1116 14414444
735 1061 863 1115 iustitiam
881 1071 908 1114 et
925 1059 1029 1130 capiant
1041 1060 1207 1115 iudIcntums.
1225 1059 1284 1115 Vide
1297 1079 1367 1114 444444.
1384 1076 1406 1131 3.
1421 1073 1462 1112 21.

439 1169 479 1224 35·
501 1153 541 1222 46·
563 1167 602 1224 44·
621 1167 664 1218 42·
683 1167 726 1220 43·
745 1149 788 1220 64·

314 1244 357 1313 (3)
375 1242 420 1296 III.
440 1241 522 1304 Quod
542 1251 662 1310 precepta
680 1237 821 1292 consulum
845 1238 1022 1291 attendantur.
1046 1237 1072 1290 V.
1092 1251 1116 1290 2.
1137 1251 1179 1302 24.
1199 1253 1240 1307 ²9·
1263 1252 1302 1306 3²·
1321 1237 1364 1302 48.
1384 1235 1426 1305 63.

313 1332 356 1401 (4)
374 1330 433 1384 IIII.
453 1328 583 1384 Solarium
602 1327 743 1381 consulum
774 1325 868 1396 noterij
889 1338 915 1379 et
928 1326 991 1396 quid
1005 1325 1123 1381 notarius
1136 1324 1220 1378 facere
1234 1337 1361 1378 tenentur.
1380 1325 1406 1378 V.
1422 1323 1462 1394 36.

437 1433 480 1487 43·
502 1433 560 1486 341·

314 1507 357 1576 (5)
376 1507 408 1560 V.
428 1498 534 1569 Quiflus
546 1517 666 1558 tenentur
677 1502 771 1557 consul
783 1501 867 1556 facere
880 1503 1020 1573 prandium
1033 1503 1141 1574 quando
1153 1513 1179 1556 et
1191 1518 1259 1572 pena
1272 1517 1327 1556 uon
1340 1499 1463 1555 fidentis.

314 1595 356 1664 (6)
376 1595 421 1647 VI.
439 1593 509 1647 Infra
527 1593 599 1664 quod
618 1603 722 1662 tempus
740 1591 793 1645 siut
812 1592 898 1644 benno
916 1591 1047 1661 exigenda
1065 1603 1092 1644 et
1109 1590 1155 1644 fint
1172 1588 1309 1644 deffensio.
1328 1589 1356 1644 V.
1375 1605 1399 1662 9.
1420 1588 1461 1643 26.

441 1693 731 1752 WWWMW

314 1772 357 1839 (7)
376 1771 433 1823 VII.
454 1768 585 1822 Consules
603 1779 704 1821 ueteres
722 1767 783 1820 dure
811 1767 924 1820 debeant
943 1767 1065 1820 bannitus
1094 1765 1173 1820 nouis
1192 1765 1259 1819 infru
1287 1766 1462 1819 natiuitstem.

441 1857 468 1910 V.
492 1855 530 1910 16.
552 1871 671 1926 50·177·
694 1855 751 1924 478.
774 1855 831 1924 767.

315 1949 357 2014 (11)
377 1946 446 2000 VIII.
470 1945 572 1998 statuta
591 1945 643 2013 legi
662 1944 758 1996 debent
776 1943 853 1996 omni
871 1959 943 1996 444440
970 1941 1037 1995 infra
1065 1942 1242 1996 nstituitntem
1271 1955 1298 1996 et
1316 1943 1378 1996 inde
1396 1943 1463 1996 trudi

438 2034 573 2104 pubiicum
591 2033 806 2085 instrumentum.
830 2031 857 2084 V.
877 2047 918 2085 20.
941 2047 980 2101 44.
1003 2031 1043 2100 56.
1063 2047 1122 2100 ²53·
1144 2046 1202 2101 377.
1225 2029 1283 2101 386.

315 2124 357 2194 (9)
376 2122 458 2176 VIIII.
478 2122 581 2175 Habere
600 2133 743 2190 prouentus
761 2120 884 2173 comunis
902 2136 947 2190 per
959 2119 1111 2189 exemplum
1124 2133 1151 2172 et
1163 2131 1285 2172 excutere
1297 2119 1389 2174 omnia
1403 2136 1465 2174 con·

438 2210 508 2264 sules
525 2221 588 2262 sunt
605 2209 710 2262 astricti.
734 2208 761 2261 V.
780 2207 805 2262 6.
828 2224 867 2277 45.
890 2223 929 2277 33.
952 2207 991 2277 38.
1011 2223 1053 2274 4ο.
1073 2207 1116 2262 60.
1136 2209 1195 2277 285.
1218 2209 1276 2278 376.

297 2302 357 2370 (ιο)
372 2299 405 2352 1’.
425 2298 627 2352 Lnborntoribus
646 2296 793 2350 forensibus
818 2298 896 2350 debet
924 2295 979 2350 fieri
1007 2295 1106 2350 solutio
1134 2297 1218 2367 prims
1247 2298 1298 2350 die.
1327 2297 1464 2370 terrigenis

438 2386 504 2440 inim
522 2399 584 2440 octo
602 2402 664 2438 cum
683 2385 803 2455 expensis
822 2402 868 2454 per
885 2385 955 2454 ipsos
974 2384 1118 2438 declaratis.

297 2477 357 2544 (44)
376 2475 420 2530 xl.
440 2473 544 2530 Omnes
563 2491 686 2527 mensure
704 2472 801 2543 signari
821 2486 846 2526 et
866 2473 962 2542 inquiri
982 2474 1078 2527 debent
1096 2473 1163 2528 inira
1180 2475 1356 2529 natiuitstem.
1381 2475 1408 2528 V.
1431 2473 1461 2528 16

437 2581 453 2616 a
473 2581 541 2616 rrum.
562 2561 613 2616 226
631 2561 664 2614 od
683 2579 752 2614 4444444.
773 2576 832 2628 235.
852 2575 912 2629 237.
933 2561 991 2630 238.

296 2652 357 2720 (12)
376 2650 433 2704 XII
452 2651 524 2704 Pena
542 2650 722 2703 usurariorum
740 2648 784 2719 qui
804 2650 937 2716 denegant
955 2649 1063 2702 comuni
1083 2650 1207 2719 pecunias
1225 2663 1354 2704 mutuare.

297 2739 358 2808 (47)
376 2738 446 2792 XIII.
466 2739 528 2802 Que
546 2738 696 2792 comunitns
714 2753 824 2790 nemora
843 2736 910 2790 infra
929 2736 1052 2791 kalendas
1070 2739 1160 2809 mnrcij
1188 2739 1281 2793 debent
1299 2740 1462 2794 disbendnre.

443 2827 469 2880 V.
488 2825 531 2892 64.
553 2840 610 2892 144.
633 2824 742 2892 148.ad
763 2841 820 2894 454.
842 2839 899 2895 454.
918 2825 951 2878 ad
972 2841 1029 2897 159.
1051 2826 1109 2881 161.
1127 2826 1160 2880 ad
1181 2827 1240 2894 464.
1261 2827 1318 2882 166.
1332 2828 1389 2899 467.
1403 2843 1463 2900 257.

440 2929 499 2985 ²73·
520 2929 579 2984 274·

297 3003 357 3074 (44)
376 3002 458 3058 XIIII
478 3003 574 3058 Forma
592 3002 708 3074 eligendi
727 3002 944 3056 detennimtores
963 3015 989 3056 et
1007 3015 1111 3075 tempus
1138 3021 1169 3058 44
1195 3005 1260 3076 quid
1283 3004 1367 3060 secere
1384 3019 1462 3062 tene-

438 3104 524 3145 antur.
547 3091 574 3144 V.
597 3091 636 3144 18.
657 3107 698 3160 23.

296 3181 357 3250 (15)
376 3179 434 3236 XV.
452 3181 524 3234 Pmn
543 3179 684 3233 consulum
703 3178 761 3250 pius
780 3180 993 3250 computantium
1012 3197 1092 3252 quam
1111 3182 1268 3251 expendam
1293 3181 1320 3235 V.
1340 3199 1364 3256 9.
1387 3199 1427 3254 53.

298 3269 358 3338 (46)
377 3269 447 3322 XVI.
467 3267 540 3332 Quid
559 3279 698 3321 teneantur
716 3267 794 3321 nouis
812 3269 965 3323 consulibus
984 3267 1052 3322 inim
1071 3270 1237 3324 natiuitetem
1255 3284 1357 3326 ueteres
1376 3271 1460 3328 cousi-

439 3373 528 3426 gnare.
553 3356 580 3409 V.
600 3371 624 3424 7.
647 3372 686 3410 44.
708 3371 748 3426 19.

298 3443 459 3515 (17)xv11.
479 3444 623 3498 Procuraut
641 3444 763 3496 consules
782 3457 810 3496 ut
829 3445 1030 3514 pronuntiatum
1057 3446 1207 3501 attendatur
1234 3447 1303 3501 inter
1321 3447 1463 3502 dominum

438 3533 591 3602 episcopum
610 3545 635 3585 et
654 3549 777 3584 comune.
801 3531 828 3585 V.
847 3547 890 3598 44.
914 3533 953 3601 56.
975 3549 1032 3588 ror.
1056 3551 1113 3604 ¹95·
1135 3549 1194 3602 244
1214 3535 1274 3604 467.

298 3623 358 3691 (48)
377 3621 472 3676 xvlu.
492 3621 613 3684 Qualiter
631 3633 656 3674 et
674 3633 740 3691 quot
762 3619 814 3673 siut
832 3621 995 3692 credentInrij
1016 3620 1131 3692 eligendi
1145 3635 1170 3676 et
1183 3639 1250 3694 pens
1262 3623 1403 3678 consulum
1415 3625 1461 3694 qui

438 3709 528 3764 aduae
552 3709 579 3764 V.
602 3725 641 3776 44.
663 3723 703 3780 37.
722 3707 765 3761 86.
788 3723 845 3774 424.
866 3723 925 3779 25ο.

324 3923 356 3976 (4)
370 3919 508 3964 umorum
522 3921 600 3962 numeri
614 3931 682 3962 444444
696 3922 717 3961 14
731 3921 810 3962 codice.

377 3993 400 4034 14
414 3993 453 4034 hor
468 3995 579 4047 repertorio
594 3994 685 4033 mbicos
700 3995 815 4032 4644644444
830 4001 933 4038 numeros,
949 3991 983 4044 qui
1004 4003 1050 4032 cum
1072 3991 1143 4033 iisdem
1165 3993 1249 4035 erabitis
1263 3997 1361 4044 numeris,
1377 4009 1429 4050 quos
1445 3997 1465 4037 in

252 4065 259 4080 ⁸
299 4075 420 4106 rtrtutoruna
434 4066 524 4105 editione
539 4065 625 4117 singuiis
640 4067 794 4116 pneposuirnus
809 4064 911 4116 erpituirs.
928 4063 986 4116 piene
1001 4075 1124 4116 congruunt.

376 4136 526 4175 Nonnuilorum
542 4145 664 4174 statutorum
679 4137 818 4182 summrrium,
829 4136 884 4187 quoti
900 4137 919 4174 in
935 4135 1047 4186 repertorio
1061 4135 1125 4182 44444,
1136 4135 1254 4186 ediscimus,
1266 4137 1380 4191 muroque
1391 4138 1465 4188 literis,

299 4219 350 4260 quus
364 4208 445 4246 mrim
460 4213 542 4253 44444444,
557 4205 683 4258 scripsimus.

377 4277 427 4324 Quo
444 4277 524 4316 14441444
539 4276 626 4328 44744414
641 4275 727 4316 conferri
743 4275 831 4326 possint,
846 4289 897 4326 quse
912 4275 1018 4328 melogm
1033 4289 1074 4316 sen
1089 4285 1183 4326 44444444,
1198 4279 1250 4332 spud
1261 4291 1324 4321 uum
1334 4281 1465 4335 4417444444·

298 4361 365 4388 meros
381 4348 514 4400 reliquorum,
530 4355 550 4388 st
564 4348 618 4400 sputi
633 4349 684 4388 istos
698 4357 804 4387 4444444444
819 4347 892 4400 prioris
906 4347 1059 4400 sdssripsirnns.
