3918 5554
529 475 580 528 230

526 580 847 776 RfigglllffgilpllpM
896 581 1213 651 STATUTORUM
1264 581 1576 651 NOTARIORUM
1614 573 1692 650 BUss

716 737 724 755 .
770 707 782 752 1

525 860 658 929 (Notarii
675 863 708 917 V.
726 879 752 929 4,
771 863 797 927 8,
815 878 859 929 41,
880 864 974 929 122,1;
996 863 1036 934 56,
1058 865 1228 934 147,11;43,
1247 879 1291 930 44,
1309 879 1352 934 45,
1371 863 1418 928 111,
1438 863 1506 929 B.111;
1519 879 1560 934 35,
1581 863 1621 934 36,
1640 864 1693 934 V.).

563 1039 585 1076 1.
604 1022 685 1086 Quod
705 1023 793 1076 omnis
811 1022 931 1076 notarius
950 1023 983 1076 de
1001 1021 1116 1092 collegio
1138 1021 1250 1076 fideliter
1268 1023 1363 1076 scribat
1374 1023 1550 1076 instrumenta
1564 1023 1606 1076 uel
1616 1023 1692 1078 scribi

525 1109 601 1164 ircim
618 1110 764 1164 secundum
783 1111 950 1164 uoluntatem
967 1111 1187 1165 contrahencium
1206 1123 1232 1164 et
1251 1127 1306 1163 non
1327 1110 1385 1180 plus
1404 1127 1452 1163 nec
1472 1111 1569 1164 minus

560 1213 585 1251 2.
603 1198 632 1252 si
650 1199 709 1269 quis
727 1199 761 1252 sit
778 1198 971 1270 calumpniatus
989 1199 1022 1251 de
1040 1197 1130 1268 aliquo
1149 1198 1264 1251 crimine
1283 1197 1402 1251 salsitatis
1420 1215 1515 1252 omnes
1534 1198 1630 1252 notarii
1660 1201 1693 1251 de

523 1285 638 1355 collegio
656 1297 795 1338 teneantur
813 1286 900 1356 ipsum
922 1286 1023 1355 juuare.
1042 1285 1088 1354 (V.
1111 1299 1169 1354 147,
1188 1285 1221 1350 113
1242 1301 1283 1356 35,
1305 1284 1345 1354 36,
1364 1284 1418 1355 V.).

560 1389 582 1444 3.
602 1373 684 1437 Quod
703 1373 724 1426 si
743 1373 802 1444 quis
820 1373 925 1426 sciuerit
943 1372 1059 1444 aliquem
1087 1373 1234 1427 hereticum
1262 1373 1305 1426 uel
1337 1389 1461 1444 gazarum
1492 1373 1630 1427 nunciabit
1661 1373 1692 1428 R

523 1461 636 1516 domino
654 1461 778 1532 episcopo
796 1460 958 1516 vercellensi.

557 1565 582 1615 4.
602 1550 684 1613 Quod
701 1549 791 1604 omnis
819 1550 936 1604 notarius
963 1550 996 1603 de
1024 1548 1139 1621 collegio
1166 1561 1286 1604 tenentur
1317 1550 1379 1604 dure
1406 1549 1511 1604 fortiam
1540 1549 1693 1606 consulibus

524 1637 640 1708 collegii.
659 1637 703 1706 (V.
726 1639 779 1706 50).

559 1741 581 1793 5.
601 1724 683 1788 Quod
702 1723 791 1778 nullus
809 1725 928 1779 notarius
946 1725 1051 1779 docebit
1068 1725 1151 1779 olium
1171 1737 1200 1780 ut
1218 1725 1300 1796 possit
1318 1743 1333 1779 a
1352 1725 1462 1779 ueritate
1480 1725 1595 1780 <leuiore

556 1811 581 1865 6.
601 1812 682 1876 Quod
701 1811 811 1883 quilibet
829 1824 949 1868 tenentur
967 1813 1005 1866 ire
1023 1813 1056 1867 ad
1079 1813 1233 1868 citationem
1252 1813 1393 1868 consulum
1413 1813 1463 1867 nisi
1482 1830 1560 1868 causa
1573 1814 1691 1884 legitima

521 1900 687 1953 subsistente„

556 2004 581 2058 7.
601 1989 684 2051 Quod
703 1987 780 2042 licent
798 1988 951 2044 consulibus
969 1989 1108 2060 imponere
1133 1989 1227 2043 bunne.

556 2078 580 2130 8.
600 2077 681 2139 Quod
700 2076 822 2130 eonsules
840 2077 948 2147 exigant
961 2079 1056 2131 banne.

555 2181 580 2236 9.
600 2164 681 2228 Quod
700 2164 776 2218 licent
795 2166 947 2218 consulibus
966 2164 1199 2218 interemtionem
1218 2165 1326 2219 cuilibet
1344 2165 1406 2218 dicti
1433 2163 1549 2235 collegij.

558 2268 597 2306 10.
616 2253 698 2316 Quod
717 2252 794 2306 licent
812 2252 964 2306 consulibus
983 2254 1088 2323 collegii
1109 2266 1222 2307 statuere
1241 2267 1266 2307 et
1286 2254 1408 2306 ordinare
1427 2269 1505 2322 super
1522 2253 1654 2306 societate.

557 2357 596 2394 11.
616 2342 658 2410 (2)
679 2339 774 2398 Omnia
792 2341 876 2393 banno
894 2347 915 2392 el
933 2340 1165 2411 condrntpnocioncs
1183 2344 1327 2411 exigantur.

559 2443 597 2482 12.
617 2430 687 2481 Nota
707 2428 740 2480 de
758 2427 971 2481 inobedientibus
990 2428 1105 2498 collegio
1123 2442 1149 2482 ct
1168 2431 1329 2492 consulibus,
1349 2429 1420 2500 quali
1440 2446 1507 2500 pena
1526 2429 1676 2499 puniantur.

559 2531 598 2585 13·
618 2518 660 2569 De
678 2533 711 2569 eo
730 2516 775 2586 qui
795 2514 872 2569 fuerit
891 2527 1009 2587 receptus
1027 2517 1060 2570 ad
1079 2517 1238 2571 beneficium
1264 2517 1370 2588 collegij
1401 2530 1521 2572 tenentur
1548 2517 1580 2570 sd
1608 2533 1689 2570 onem

526 2604 630 2674 collegij
651 2604 789 2657 dumtaxat
807 2615 833 2657 et
851 2619 907 2658 uon
925 2605 959 2658 ad
977 2605 1140 2658 semitutem.

558 2707 597 2757 14.
617 2691 699 2754 Quod
718 2691 813 2762 aliquis
830 2691 949 2746 notarius
967 2707 1023 2746 non
1041 2693 1123 2762 possit
1142 2691 1226 2747 facere
1244 2694 1277 2747 nd
1297 2706 1398 2764 purtem
1417 2709 1466 2747 nec
1485 2709 1514 2746 se
1542 2691 1690 2764 intelligere

520 2796 581 2832 cum
600 2778 690 2849 aliquo
709 2779 754 2849 qui
774 2795 830 2832 non
847 2779 882 2832 sit
899 2780 933 2833 de
951 2780 1074 2851 collegio.

557 2884 597 2937 15.
617 2868 699 2930 Quod
718 2867 812 2938 uliquis
842 2885 897 2921 non
925 2869 1007 2938 possit
1034 2868 1116 2939 accipi
1147 2869 1175 2922 in
1204 2869 1349 2940 collegium
1377 2869 1428 2922 nisi
1455 2869 1489 2922 sit
1515 2869 1548 2922 de
1575 2866 1689 2938 bugella.

520 2955 566 3025 (V.
587 2971 647 3025 252,
665 2955 707 3024 I.).

557 3042 597 3097 16.
616 3045 699 3108 Qiod
717 3043 807 3098 nullus
825 3056 945 3098 teneatur
963 3045 1202 3116 scribererliquam
1215 3045 1370 3115 scripturam
1380 3043 1475 3099 {netem
1485 3061 1567 3098 manu
1578 3043 1689 3098 alicuius

519 3133 565 3204 qui
583 3150 638 3186 non
658 3133 691 3186 sit
709 3133 743 3186 de
761 3133 875 3202 collegio
892 3133 951 3186 siue
968 3134 1002 3188 de
1020 3131 1121 3187 familia
1139 3133 1250 3186 alicuius
1269 3135 1302 3186 de
1320 3133 1443 3204 collegio.

555 3236 595 3290 17.
614 3222 696 3284 Quod
716 3221 805 3274 nullus
822 3220 905 3290 possit
922 3238 950 3274 se
968 3222 1001 3275 de
1019 3223 1091 3275 dicto
1109 3221 1198 3276 officio
1218 3221 1395 3275 intromittere
1408 3222 1459 3274 nisi
1470 3222 1504 3274 sit
1513 3221 1686 3282 examinatus,

520 3310 668 3379 nprobntus.
688 3309 733 3378 (V.
757 3309 810 3378 50).

555 3397 625 3451 Notn
644 3397 718 3450 modi
737 3397 880 3466 recipiendi
898 3396 1002 3467 aliquos
1021 3397 1048 3449 in
1068 3396 1191 3467 collegio.

554 3486 624 3538 Noto
644 3486 677 3538 de
695 3485 887 3554 subscriptione
905 3502 957 3554 que
975 3485 1053 3538 debet
1072 3483 1127 3537 fieri
1147 3501 1192 3555 per
1211 3497 1354 3555 receptum,
1373 3485 1401 3537 in
1421 3484 1534 3554 presenti
1553 3483 1621 3536 libro
1639 3496 1688 3536 ste·

517 3585 636 3626 tutorum
656 3589 738 3625 manu
757 3572 869 3643 propris.
888 3571 960 3625 Cum
978 3573 1057 3642 signo
1076 3589 1125 3625 suo
1143 3585 1170 3625 et
1188 3573 1231 3625 die
1250 3589 1297 3625 sue
1322 3573 1509 3642 nprobrtionis.

554 3661 624 3713 Nota
642 3661 676 3712 de
694 3659 756 3712 filiis
774 3659 948 3712 notariorum.
968 3659 1014 3728 (V.
1036 3658 1089 3728 16).

557 3749 596 3802 18.
615 3749 657 3801 De
674 3749 825 3801 iuramento
844 3748 983 3818 prestando
1002 3764 1048 3817 per
1066 3748 1268 3801 examinatores.

556 3851 595 3906 ¹9·
614 3835 815 3889 Examinntores
833 3835 944 3890 alicuius
962 3835 1091 3889 examinis
1110 3847 1220 3905 possunt
1238 3846 1264 3888 et
1282 3835 1379 3889 debent
1400 3851 1446 3905 per
1476 3847 1539 3888 tunc
1563 3832 1686 3888 consules

518 3923 603 3994 elligi.

553 4027 595 4065 20.
614 4013 685 4066 Nota
703 4012 737 4066 de
755 4028 822 4083 penr
841 4024 1007 4084 receptorum
1025 4024 1117 4067 contro
1135 4011 1250 4066 formam
1268 4023 1435 4066 statutorum.

546 4205 573 4254 (ι)
588 4201 653 4243 Tituli
668 4213 746 4244 eutem
760 4203 781 4244 iu
795 4205 874 4254 codiee,
889 4203 936 4245 lieet
950 4205 1050 4258 inseripti,
1066 4205 1168 4258 posterius
1182 4214 1205 4245 ut
1219 4205 1307 4254 videtur,
1322 4203 1343 4243 in
1353 4203 1443 4256 margine
1451 4203 1597 4254 cuiuscumque
1605 4202 1684 4242 stetisti.

545 4277 575 4326 (a)
590 4273 672 4314 Titulus
687 4275 743 4314 deest
759 4275 779 4315 in
794 4277 872 4324 codice,
887 4288 926 4316 uos
941 4276 1055 4328 edjieimus.
