3926 5542
1384 537 1429 604 185

268 661 336 716 ultra
354 662 406 716 hoc
424 673 544 716 teneatur
562 677 621 715 earn
640 661 695 732 ipse
713 661 831 714 notarius
849 661 895 731 qui
914 659 1079 714 labricauerit
1097 661 1272 714 instrumenta
1282 661 1325 714 uel
1335 659 1434 732 aliquid

267 767 299 802 ex
319 750 441 819 predictis
459 767 540 821 quam
559 749 616 802 fieri
635 749 741 813 iaciens,
760 761 835 802 vtens
853 747 897 802 uel
926 749 1073 819 producens
1099 749 1128 802 in
1155 749 1273 804 solidum
1302 748 1436 802 eicontra

268 853 349 908 quern
367 837 468 890 dictum
486 839 693 892 instrumentum
713 836 754 890 uel
774 837 899 906 scriptura
918 835 995 890 luerit
1022 835 1176 890 fabricatum
1205 835 1248 890 uel
1276 835 1435 890 fabricatam‘

269 927 311 980 nd
330 926 522 980 restituendum
540 937 628 980 toturn
647 927 673 980 id
693 927 721 979 in
740 942 794 998 quo
812 926 883 979 lesus
901 921 993 978 fuisset
1009 925 1031 978 si
1051 925 1107 996 ipsa
1136 925 1263 996 scriptura
1281 925 1345 978 laisa
1363 939 1435 978 tam-

268 1029 349 1082 quam
368 1031 430 1068 uera
449 1015 475 1068 in
496 1013 591 1083 iuditio
609 1015 666 1068 nim
685 1013 850 1068 obtinuisset.
870 1014 908 1066 lta
927 1025 1017 1068 tarnen
1036 1014 1108 1084 quod
1127 1029 1182 1066 uno
1201 1029 1294 1066 eorum
1314 1013 1436 1066 soluente

268 1102 343 1156 aliter
361 1104 404 1172 (1)
423 1102 555 1156 liberetur.

272 1263 322 1348 36.
346 1261 396 1328 De
430 1283 512 1350 pena
545 1259 832 1328 subcumbendum
867 1261 1111 1348 impugnatione
1146 1259 1278 1328 alicuius
1312 1259 1436 1350 publice

313 1351 479 1438 scripture.

304 1456 371 1509 Item
389 1469 517 1510 statutum
535 1457 664 1527 estquod
683 1455 811 1527 siquisin
840 1455 935 1508 iuditio
962 1455 1113 1526 produxerit
1138 1455 1253 1526 aliquam
1282 1455 1437 1526 scripturam

269 1544 401 1613 publicam
420 1557 446 1598 et
465 1561 522 1616 pars
541 1557 732 1615 contraquam
751 1543 912 1614 producitur,
925 1557 1092 1614 proponatse
1105 1544 1174 1597 uelle
1183 1545 1266 1614 ipsam
1280 1545 1438 1614 impugnare

269 1633 311 1686 uel
331 1634 487 1702 redarguere
504 1633 537 1686 de
555 1631 630 1696 laiso,
641 1631 719 1686 Tunc
737 1631 914 1702 interrogetur
932 1633 1078 1703 producens
1091 1649 1137 1702 per
1147 1633 1188 1685 ius
1201 1633 1334 1686 dicentem
1344 1648 1438 1686 coram

269 1737 323 1789 quo
342 1721 467 1790 producta
485 1718 571 1784 luerit,
590 1720 611 1774 si
630 1720 706 1774 uellit
723 1721 766 1776 uel
786 1719 899 1774 intendit
917 1720 972 1790 ipsa
990 1721 1116 1790 scriptura
1134 1721 1228 1791 utiper
1245 1739 1273 1774 se
1292 1720 1334 1774 uel
1354 1719 1437 1774 alium

270 1819 296 1860 et
314 1808 409 1861 habeat
428 1809 575 1878 producens
594 1809 787 1880 interrogatum
805 1809 950 1863 tenniuum
969 1825 1014 1862 sex
1033 1809 1136 1862 dierum
1157 1810 1279 1879 proxime
1307 1821 1437 1862 uenturo-

270 1911 330 1948 rum
349 1909 408 1966 post
426 1897 525 1950 dictam
544 1897 783 1968 interrogationem
805 1897 839 1950 ad
860 1895 1027 1950 liberandum
1054 1907 1081 1948 et
1108 1897 1323 1966 respondendum
1350 1909 1438 1950 vtrunt

270 2000 329 2036 eam
349 1983 387 2036 uti
406 1983 470 2036 uelit
488 2001 522 2036 an
541 2001 584 2048 ne,
602 1984 644 2049 Et,
662 1985 683 2036 si
703 1983 866 2054 responderit
884 1985 956 2054 quod
975 1999 1030 2038 non
1041 1983 1143 2038 licitum
1162 1985 1195 2038 sit
1213 1983 1322 2054 impune
1331 1985 1364 2038 ab
1376 2001 1438 2038 ussu

273 2071 353 2140 ipsius
372 2071 510 2124 abstinere.
524 2072 552 2124 Si
571 2088 636 2126 uero
655 2073 818 2142 responderit
835 2073 907 2143 quod
926 2073 963 2125 sic
983 2085 1008 2126 et
1027 2073 1082 2142 ipsa
1093 2073 1225 2142 scriptun
1244 2087 1343 2142 reperta
1361 2071 1439 2126 fuerit

271 2159 333 2212 lalsa
352 2161 483 2213 subiaceat
502 2161 576 2230 penis
595 2160 622 2212 in
641 2161 817 2230 suprascripto
837 2160 962 2230 proximo
980 2171 1078 2214 statuto
1096 2161 1234 2214 contentis.
1254 2160 1282 2214 Si
1301 2177 1365 2214 uero
1384 2161 1438 2230 ipsa

270 2247 395 2316 scriptura
415 2259 515 2318 reperta
533 2247 611 2300 luerit
630 2263 685 2300 non
705 2247 767 2300 lalsa
787 2247 847 2300 talis
867 2248 912 2318 qui
933 2247 1018 2300 iussus
1037 2247 1115 2301 suerit
1127 2247 1210 2318 ipsam
1220 2249 1373 2317 scripturam
1392 2247 1440 2300 im·

271 2353 388 2405 pugnare
408 2335 450 2388 uel
470 2336 625 2404 redarguere
643 2337 676 2388 de
695 2333 761 2388 falso
779 2336 1000 2404 condempnetur,
1018 2335 1049 2388 ln
1069 2335 1140 2388 libris
1158 2335 1372 2406 vigintiquinque
1390 2353 1438 2406 pa·

271 2424 406 2494 piensium
426 2422 588 2494 applicandis
607 2423 719 2477 comuni
739 2422 858 2492 Bugelle.
878 2424 940 2476 Non
959 2425 1080 2478 obstante
1098 2425 1170 2495 quod
1181 2423 1264 2494 ipsam
1274 2423 1354 2476 talem
1364 2424 1441 2494 scrip

270 2523 357 2564 turam
376 2511 558 2582 impugnasset
576 2528 622 2581 per
640 2511 712 2564 uiam
731 2510 879 2582 ereptionis
896 2523 923 2564 et
941 2528 996 2566 non
1016 2527 1062 2582 per
1080 2511 1192 2566 modum
1211 2511 1392 2565 accusationis

274 2691 323 2756 37.
347 2670 397 2737 De
420 2691 502 2758 pena
524 2667 771 2758 producentium
795 2667 892 2738 salsos
915 2687 1012 2738 testes
1035 2687 1067 2736 et
1090 2671 1221 2738 testium
1245 2669 1322 2738 false
1345 2671 1439 2738 testi·

317 2757 458 2824 ficantes.

306 2863 373 2916 ltem
393 2875 520 2916 statutum
539 2865 667 2934 estquod
686 2865 768 2935 siquis
786 2863 938 2935 produxerit
956 2863 1035 2918 falsos
1053 2876 1131 2918 testes
1148 2865 1206 2919 siue
1232 2864 1327 2918 laisum
1346 2877 1440 2918 testem

272 2952 383 3005 scienter
402 2952 429 3004 in
448 2952 536 3022 aliqua
555 2969 632 3004 causa
651 2953 783 3006 criminali
803 2971 834 3006 cx
854 2970 905 3025 qua
924 2954 945 3006 si
965 2954 1072 3022 probata
1091 2951 1158 3006 foret
1177 2955 1279 3007 ueniret
1299 2953 1442 3024 condamp·

273 3041 375 3093 nandus
394 3037 439 3092 ille
457 3051 547 3093 contra
566 3056 651 3109 quem
671 3041 790 3109 producti
811 3041 854 3094 nel
874 3042 1016 3110 productus
1034 3053 1120 3094 essent
1138 3041 1170 3094 ad
1190 3055 1305 3094 mortem
1318 3042 1442 3111 puniatur

272 3130 300 3182 in
319 3129 501 3198 amputatione
519 3143 621 3180 manus.
646 3128 674 3180 Si
695 3145 759 3181 uero
778 3129 930 3198 produxerit
948 3131 976 3182 in
995 3130 1046 3183 alia
1064 3146 1142 3182 causa
1160 3129 1188 3182 in
1207 3145 1261 3200 quo
1273 3130 1375 3182 ueniret
1386 3145 1441 3182 cor·

274 3217 397 3286 poraliter
416 3217 575 3286 puniendus.
586 3217 814 3286 Condampnetur‚
825 3218 854 3271 ln
866 3219 937 3270 libris
951 3220 1095 3271 ducentum
1106 3219 1270 3288 papiensium
1281 3217 1441 3287 applicandis

273 3305 391 3358 Comuni
412 3305 529 3372 Bugelle.
549 3305 625 3366 Quas
643 3304 664 3356 si
684 3321 739 3356 non
759 3303 867 3358 soluerit
886 3306 953 3360 inira
972 3307 1116 3360 terminum
1135 3307 1184 3360 sibi
1203 3307 1231 3359 in
1256 3308 1440 3376 condampna-

273 3392 346 3445 tione
365 3393 554 3460 assignandum
574 3391 623 3444 sibi
644 3390 737 3462 lingua
756 3393 923 3446 abscindatur
940 3411 986 3464 per
1003 3405 1159 3458 trauersum,
1179 3395 1214 3447 ita
1233 3395 1305 3464 quod
1317 3410 1371 3447 una
1384 3409 1442 3464 pars

273 3480 305 3532 ab
324 3480 375 3533 alia
394 3493 534 3550 separetur.
553 3479 581 3532 Si
601 3495 668 3532 uero
688 3481 840 3548 produxerit
858 3495 888 3536 ut
906 3482 1000 3554 aliquis
1029 3481 1181 3536 absoluatur
1207 3483 1240 3535 ab
1259 3483 1345 3554 aliqua
1364 3498 1442 3535 causa

273 3587 304 3620 cx
325 3585 376 3640 qua
396 3586 464 3638 pena
483 3569 625 3638 corporalis
648 3569 752 3638 inilingi
771 3571 885 3632 deberet,
913 3571 1124 3640 condampnetur
1152 3569 1270 3624 inlibris
1297 3570 1441 3624 ducentum

273 3657 439 3726 papiensium
458 3658 619 3728 applicandis
639 3659 758 3712 Contuni
778 3658 896 3726 Brige-lle.
926 3659 1001 3720 Quas
1025 3659 1047 3712 si
1066 3675 1121 3712 non
1140 3657 1249 3710 soluerit
1276 3659 1442 3710 abscindatur

273 3746 322 3796 sibi
342 3745 432 3814 lingua
452 3757 584 3816 utsupra,
604 3747 635 3800 Et
654 3747 746 3800 eadent
767 3763 833 3816 pena
853 3747 976 3816 puniatur
994 3747 1073 3800 testis.
1093 3745 1121 3800 Si
1141 3761 1205 3800 uero
1223 3746 1274 3800 alia
1293 3763 1369 3799 causa
1387 3747 1440 3798 cti·

274 3833 366 3885 nrinali
386 3833 550 3903 peccuniaria
568 3847 623 3886 tarn
642 3835 669 3886 in
699 3849 760 3888 casu
787 3834 961 3888 absolutionis
988 3851 1069 3904 quarn
1097 3835 1346 3904 condampnationis
1373 3849 1440 3886 con-

273 3920 431 3990 dampnetur
449 3933 504 3974 tam
523 3923 595 3974 testis
614 3938 694 3992 quam
722 3921 869 3992 producens
899 3921 926 3974 in
946 3921 1018 3974 libris
1036 3921 1250 3993 vigintiquinque
1268 3921 1442 3991 papiensium,

273 4007 435 4077 applicandis
453 4009 563 4064 comuni
582 4009 700 4078 Bugella
720 4009 748 4062 Si
768 4025 832 4062 uero
851 4009 1004 4078 produxerit
1022 4009 1050 4062 in
1069 4008 1157 4078 aliqua
1175 4025 1252 4062 causa
1277 4009 1348 4062 ciuili
1367 4009 1442 4062 cadat

274 4097 422 4166 producens
440 4114 456 4150 a
474 4097 532 4150 iure
550 4113 599 4150 suo
617 4098 690 4152 testis
709 4113 773 4151 uero
792 4097 1003 4166 condampnetur
1021 4097 1049 4150 in
1067 4096 1139 4150 libris
1158 4097 1253 4164 uiginti
1267 4097 1442 4170 papiensium,

274 4183 307 4238 Et
325 4186 436 4239 totidem
455 4185 610 4256 producens

300 4359 330 4412 (r)
345 4357 428 4399 Rectius
442 4359 511 4408 dria,-
526 4361 546 4400 lu
561 4359 602 4400 alio
617 4359 716 4414 exemplo.
