3918 5554
535 463 586 532 256

571 602 612 656 52·
631 587 698 642 Item
716 597 844 642 statutum
862 599 901 642 cst
919 589 991 658 quod
1009 587 1042 644 de
1061 587 1155 644 bannis
1173 600 1292 660 requeste
1311 605 1366 644 non
1385 589 1467 660 possit
1485 589 1541 644 fieri
1559 591 1654 662 gracia.

570 761 610 816 53.
628 747 696 800 Item
714 759 841 800 statutum
854 748 977 817 estquod
990 765 1036 819 per
1051 747 1204 819 Collegium
1216 760 1348 803 sartomm
1360 747 1543 820 sollempniter
1555 749 1699 804 celebretur

533 834 630 888 sectum
647 835 730 889 sancti
748 835 850 889 Alberri
869 837 940 906 quod
959 849 998 890 est
1015 837 1059 890 die
1085 835 1118 889 V.
1149 836 1247 891 mensis
1274 837 1443 908 Septembris,
1461 837 1495 891 Et
1513 837 1535 890 si
1553 838 1647 909 aliquis
1665 841 1699 893 de

533 922 657 994 Collegio
684 922 843 977 laborauerit
865 923 908 977 uel
927 923 1038 978 laborari
1057 923 1155 990 secent,
1174 924 1261 980 soluat
1278 926 1398 980 bannum
1422 925 1569 982 solidorum
1588 925 1620 979 V.
1639 943 1688 998 pa-

533 1011 665 1082 piensium
684 1011 717 1064 de
735 1027 790 1082 quo
807 1027 863 1064 non
882 1011 964 1082 possit
982 1009 1039 1066 fieri
1057 1011 1152 1084 gracia

571 1185 611 1240 54.
629 1169 698 1224 Item
715 1181 843 1224 statutum
861 1172 991 1241 estquod
1009 1171 1055 1242 qui
1073 1187 1129 1225 non
1149 1171 1273 1225 fueritin
1292 1170 1335 1226 die
1366 1171 1424 1226 sesti
1442 1173 1525 1226 macti
1544 1172 1646 1227 eilberti
1664 1174 1698 1228 ad

533 1259 652 1314 officium
661 1259 689 1312 in
698 1257 814 1312 Ecclesia
823 1270 912 1312 sancte
930 1259 1013 1313 Marie
1031 1261 1058 1312 in
1077 1259 1162 1313 Plano
1180 1260 1264 1314 silicet
1281 1272 1425 1332 antequam
1443 1260 1542 1315 lectum
1560 1261 1594 1315 sit
1612 1277 1697 1314 euan-

532 1347 634 1418 gelium
652 1359 679 1401 et
696 1348 901 1417 perseuerauerit
919 1363 1002 1418 usque
1020 1364 1074 1420 quo
1092 1347 1167 1402 finita
1185 1349 1218 1403 sit
1230 1349 1310 1402 missa
1322 1361 1349 1402 et
1358 1349 1459 1404 dederit
1467 1365 1550 1402 vnum
1560 1349 1698 1402 denarium

533 1435 566 1488 ad
584 1433 749 1489 oblationem
767 1433 853 1489 soluat
872 1435 990 1488 bannum
1009 1451 1057 1506 pro
1081 1436 1200 1505 quolibet
1229 1435 1377 1490 solidorum
1406 1436 1439 1506 IJ.
1470 1437 1636 1508 papiensium
1665 1437 1699 1490 de

533 1521 628 1594 quibus
646 1521 720 1575 nulla
737 1521 820 1592 possit
837 1521 894 1575 fieri
912 1523 1000 1593 gracia
1017 1523 1068 1576 nisi
1087 1524 1195 1577 haberet
1213 1523 1379 1595 legiptimum
1401 1523 1593 1578 defensionem.

569 1695 609 1750 55.
627 1679 696 1733 Item
712 1692 841 1735 statutum
859 1681 987 1752 estquod
1006 1681 1137 1736 Consules
1155 1681 1218 1736 dicti
1237 1681 1351 1754 Collegij
1372 1682 1473 1754 possint
1491 1683 1638 1753 expendere
1667 1682 1698 1736 in

533 1769 600 1822 lecto
617 1767 700 1822 sancti
719 1768 821 1823 Alberti
839 1785 923 1840 usque
941 1769 974 1822 ad
992 1768 1092 1822 solidos
1110 1769 1244 1840 XXIlIJ.⁰'
1263 1769 1429 1840 papiensium
1447 1785 1509 1822 cum
1522 1769 1699 1840 consiliopre

533 1857 596 1911 dicti
615 1855 728 1927 Collegij
752 1869 779 1911 et
796 1874 851 1911 non
871 1855 929 1927 plus
947 1857 980 1910 ad
999 1873 1125 1926 expensas
1143 1857 1308 1928 suprascripti
1328 1857 1452 1930 Collegij.

571 2015 611 2084 56.
630 2016 697 2069 Item
715 2027 844 2069 statutum
862 2016 991 2086 estquod
1011 2015 1164 2087 Ceresque
1183 2015 1368 2088 colligiturad
1398 2015 1566 2070 natiuitatem
1593 2015 1697 2070 domini

533 2115 646 2174 ponatur
664 2103 697 2157 ad
715 2102 866 2158 laciendum
886 2103 991 2158 Cereos.

571 2279 611 2334 57.
629 2263 697 2317 Item
716 2265 787 2335 quod
807 2263 984 2318 Consorcium
1004 2275 1117 2334 ponatur
1136 2263 1253 2317 insimul.

571 2425 611 2493 58.
629 2425 697 2477 Item
715 2435 843 2477 statutum
861 2435 900 2476 est
918 2424 990 2493 quod
1008 2425 1084 2477 omni
1103 2439 1175 2477 anno
1200 2423 1284 2494 prima
1315 2423 1461 2494 septimana
1488 2435 1550 2477 ante
1578 2434 1700 2477 surrentin

533 2512 672 2566 Albertum
691 2512 784 2565 debeat
802 2510 858 2563 fieri
877 2527 960 2564 vnum
978 2511 1144 2566 anniuersale
1161 2512 1195 2566 Et
1212 2512 1257 2583 qui
1277 2527 1332 2568 non
1351 2510 1429 2565 fuerit
1446 2523 1531 2566 sartor
1547 2511 1641 2566 Soluat
1658 2525 1698 2566 so

533 2600 601 2654 lidos
620 2600 653 2652 V.
672 2616 719 2670 pro
738 2599 865 2670 quolibet.

571 2775 611 2830 59.
629 2759 697 2813 Item
715 2769 842 2812 statutum
861 2759 989 2830 estquod
1008 2757 1053 2829 qui
1072 2776 1127 2812 non
1147 2755 1236 2812 lecirit
1255 2758 1369 2812 Cereum
1388 2758 1422 2811 ad
1438 2758 1604 2812 natiuitatem
1614 2758 1700 2813 soluat

532 2847 632 2901 solidos
650 2845 683 2900 X.
702 2845 867 2916 papiensium
886 2864 934 2917 pro
952 2846 1078 2916 quolibet.
1098 2848 1131 2900 Et
1149 2847 1276 2900 medietas
1294 2845 1430 2916 perueniat
1457 2847 1485 2898 in
1514 2845 1700 2910 Consorcium,

533 2938 567 2992 Et
585 2935 635 2990 alia
654 2935 782 2988 medietas
801 2934 828 2987 in
848 2934 1010 3005 Collegium.

569 3095 612 3150 60.
631 3096 699 3148 Item
718 3104 845 3147 statutum
864 3094 992 3163 estquod
1012 3093 1100 3146 nullus
1119 3093 1152 3146 de
1171 3092 1294 3164 Collegio
1313 3093 1406 3148 debeat
1424 3109 1517 3164 rogare
1536 3109 1583 3163 pro
1611 3093 1701 3162 aliquo

534 3185 648 3238 intrante
666 3183 694 3236 in
713 3181 837 3252 Collegio
855 3181 906 3234 nisi
925 3193 1024 3251 peteret
1041 3181 1158 3251 graciam
1176 3198 1225 3252 pro
1243 3181 1333 3251 aliquo
1352 3197 1444 3236 amore
1462 3182 1512 3236 dei.
1532 3181 1565 3236 Et
1592 3182 1614 3234 si
1642 3179 1701 3250 quis

534 3271 716 3326 contralecerit
733 3269 821 3323 soluat
838 3269 938 3322 solidos
955 3269 988 3322 X.
1008 3269 1181 3338 papiensium.
1201 3270 1234 3324 Et
1251 3270 1333 3340 siquis
1364 3270 1460 3324 intrare
1491 3269 1518 3322 in
1547 3267 1700 3339 Collegium

535 3359 649 3413 uoluerit
666 3357 753 3411 soluat
772 3357 848 3411 libras
868 3358 990 3421 Quatuor
1012 3357 1186 3426 papiensium.

572 3518 716 3572 Millesimo
735 3516 939 3587 CCCLXXVIJ.
958 3514 1002 3570 die
1019 3515 1082 3569 lune
1100 3515 1221 3587 XXVIIJ.
1241 3513 1340 3570 mensis
1358 3515 1512 3570 decembris.

570 3679 728 3733 Conuocato
747 3677 871 3747 Collegio
889 3677 1026 3729 Sartomm
1045 3693 1122 3746 super
1140 3675 1241 3746 palacio
1260 3673 1393 3728 Comunis
1411 3674 1521 3744 Bugelle
1533 3689 1609 3728 more
1621 3673 1700 3728 solito

535 3784 630 3822 omnes
648 3766 786 3820 unanimes
804 3777 830 3819 et
848 3766 991 3818 concordes
1009 3777 1155 3818 statuerunt
1174 3777 1200 3817 et
1211 3763 1402 3816 ordinauemnt
1414 3763 1496 3826 Quod
1508 3761 1701 3832 aliquisSartor

535 3856 598 3910 dicti
617 3854 731 3925 Collegij
751 3870 806 3908 non
825 3853 918 3906 debeat
937 3853 1054 3906 laborare
1073 3869 1121 3906 nec
1140 3851 1251 3905 laborari
1270 3850 1354 3904 lacere
1372 3851 1406 3904 de
1423 3849 1513 3904 officio
1531 3849 1640 3903 sartorie
1657 3849 1700 3902 die

535 3944 635 4000 sabbati
653 3954 712 4013 post
730 3957 851 4012 vesperos
870 3940 985 4010 pulsatos
1004 3941 1053 3993 sub
1072 3956 1137 4009 pena
1156 3953 1183 3993 et
1201 3941 1289 3992 banno
1308 3939 1464 4001 solidorum,
1483 3938 1515 3990 V.
1535 3937 1700 4007 papiensium

535 4049 583 4104 pro
601 4031 720 4102 quolibet
737 4029 941 4082 contrafaciente
959 4041 985 4081 et
1003 4029 1119 4098 qualibet
1138 4029 1204 4092 uice,
1224 4028 1256 4080 Et
1274 4027 1384 4096 quilibet
1403 4026 1485 4096 possit
1512 4041 1640 4090 accusare,
1668 4026 1701 4078 Et

535 4121 607 4191 quod
625 4118 737 4172 seruitor
755 4115 869 4186 Collegij
889 4127 1009 4170 teneatur
1026 4115 1159 4186 inquirere
1177 4114 1252 4167 omni
1270 4114 1314 4167 die
1332 4114 1447 4178 Sabbati,
1466 4114 1499 4166 Et
1516 4113 1550 4166 de
1576 4111 1629 4165 illis
1655 4128 1702 4182 per

536 4209 623 4278 ipsum
642 4205 758 4260 inuentis
775 4204 894 4258 laborare
912 4202 979 4257 ultra
997 4219 1116 4272 vesperas
1134 4201 1229 4254 habeat
1247 4202 1302 4270 ipse
1320 4201 1432 4255 semitor
1461 4200 1569 4254 terciam
1600 4211 1700 4270 partem

537 4294 628 4360 banni,
646 4293 719 4348 Etsi
737 4293 796 4363 quis
814 4291 972 4348 laborauerit
990 4290 1018 4344 in
1037 4301 1116 4345 nocte
1134 4291 1189 4360 ipsa
1208 4291 1251 4344 die
1269 4289 1369 4344 sabbati
1387 4289 1481 4344 Soluat
1499 4304 1546 4358 pro
1560 4289 1650 4342 banno
1661 4304 1701 4344 so·
