3926 5542
487 448 537 500 142

484 556 654 612 familiarium
673 555 910 610 Sacramentalium
927 557 1105 628 jncorporaui,
1123 557 1157 610 Et
1174 555 1236 628 quia
1254 555 1322 610 facta
1341 555 1429 610 debita
1447 553 1595 611 collacione
1607 556 1651 610 Me

484 645 580 699 eodem
598 657 673 716 petro
700 645 805 715 legente
831 657 858 698 et
876 644 976 715 prefato
1003 645 1095 699 Nobili
1119 643 1331 716 Johannenicoia
1358 643 1503 698 asculana
1521 657 1652 716 vuunque

485 733 654 786 Concordare
671 731 827 802 jnuenimus
844 732 890 786 Me
907 733 951 786 hic
968 733 1107 803 subscripsi
1126 749 1189 786 cum
1206 731 1277 786 soliti
1296 732 1367 803 signi
1385 733 1440 786 mei
1450 732 1652 787 Tabellionatus

484 821 699 892 opposicionem
718 820 799 875 fidem
817 822 933 876 Roburis
950 834 978 876 et
994 820 1179 876 testimonium
1198 820 1313 874 veritatis
1331 821 1457 874 omnium
1482 833 1509 875 et
1526 821 1650 893 singulo-

485 928 544 964 rum
564 912 761 981 premissorum.

503 1087 588 1156 (Bw)
602 1087 827 1142 ADDITIONES
845 1087 1028 1142 STATUTIS
1047 1087 1095 1140 DE
1114 1085 1333 1141 POTESTATE
1346 1103 1356 1140 r
1370 1085 1433 1140 lebr.
1444 1086 1653 1142 MCCCCXCll.

487 1207 520 1216 -
540 1177 594 1230 Fol.
613 1178 718 1230 Munbr.
739 1176 795 1230 xv,
819 1177 856 1230 1²⁰

521 1299 551 1352 ιη
570 1299 682 1354 nomine
699 1300 804 1353 domini
823 1299 927 1354 domini
946 1301 1029 1355 nostri
1043 1281 1167 1374 ῐῑιῐιῖρῑ
1185 1316 1264 1354 amen
1283 1299 1365 1352 Anno
1378 1298 1523 1352 maneas
1534 1299 1653 1353 nudem

485 1401 607 1441 currente
625 1387 769 1442 millesimo
787 1390 1060 1460 quamorcentessimo
1079 1389 1268 1462 nonagessimo
1287 1387 1405 1442 secundo
1433 1387 1586 1442 Indictione
1603 1388 1652 1441 de-

486 1475 556 1530 cima
575 1476 626 1529 Die
644 1493 706 1529 vero
726 1477 811 1547 prima
830 1477 928 1531 mensis
947 1478 1079 1549 iebruarij.

522 1598 617 1668 Ibique
636 1598 791 1653 Conuomta
809 1611 836 1654 et
854 1612 1014 1670 congregata
1032 1600 1170 1654 medentia
1188 1599 1311 1654 comunis
1329 1610 1356 1652 et
1386 1599 1532 1652 hominum
1550 1597 1655 1668 bugelle

485 1703 554 1740 sono
572 1703 700 1756 campane
719 1699 746 1740 et
763 1703 829 1741 voce
847 1689 967 1758 preconis
984 1700 1013 1743 vt
1031 1689 1113 1742 moris
1131 1689 1222 1742 estDe
1239 1687 1366 1740 mandato
1377 1687 1531 1756 Spectabilis
1550 1687 1656 1760 jurispe-

486 1775 528 1828 riti
539 1774 780 1845 dominiJohannis
789 1775 823 1828 de
833 1776 944 1830 batianis
956 1776 1061 1847 clauanj
1076 1778 1139 1831 dicti
1153 1776 1276 1830 comunis
1288 1792 1318 1828 ac
1330 1773 1470 1829 Nobilium
1482 1775 1655 1829 dominorum

486 1863 613 1933 Stephani
626 1864 660 1917 de
671 1862 752 1935 lango
768 1865 890 1936 Amadey
908 1866 942 1918 de
960 1863 1073 1936 ferrariis
1091 1877 1118 1918 et
1131 1865 1266 1935 augustini
1279 1864 1312 1917 de
1324 1864 1427 1934 gramis
1438 1863 1580 1918 consulum
1592 1864 1655 1918 dicti

486 1952 609 2004 comunis
627 1951 712 2021 Super
730 1951 830 2022 palacio
849 1953 911 2006 dicti
929 1953 1053 2006 comunis
1072 1953 1124 2006 sito
1155 1952 1183 2006 in
1210 1951 1296 2023 placio
1324 1951 1387 2004 dicti
1406 1951 1458 2005 loci
1485 1950 1595 2022 bugelle
1613 1951 1654 2004 cui

487 2039 614 2092 chuerum
632 2039 665 2092 ab
683 2057 735 2094 vna
753 2051 826 2110 parte
844 2040 1007 2094 cimiterium
1025 2039 1142 2094 Ecclesie
1160 2039 1331 2112 perrochialis
1358 2039 1441 2092 sancti
1466 2039 1558 2109 Jacobi
1579 2051 1605 2092 et
1623 2040 1656 2092 ab

486 2126 545 2196 alijs
562 2127 645 2180 tribus
663 2127 778 2196 partibus
796 2127 838 2180 via
857 2128 979 2180 comunis
998 2128 1083 2199 Super
1101 2145 1157 2199 quo
1175 2127 1284 2199 quidem
1303 2126 1404 2197 palacio
1423 2127 1490 2180 solet
1508 2127 1578 2181 dicta
1596 2143 1655 2180 cre-

487 2215 580 2268 dencia
598 2216 739 2266 conuocari
758 2227 784 2268 et
802 2216 957 2285 congregari
977 2233 1025 2286 pro
1044 2217 1166 2286 negociis
1184 2234 1230 2287 rey
1248 2214 1352 2286 publice
1371 2215 1476 2286 bugelle
1500 2215 1654 2268 ordinandis

486 2315 512 2356 et
531 2303 717 2372 pertractandis
737 2302 769 2355 ln
789 2318 841 2372 qua
859 2303 969 2372 quidem
988 2303 1126 2356 credentia
1156 2301 1332 2356 interfuerunt
1350 2315 1377 2356 et
1394 2315 1527 2373 presentes
1551 2302 1657 2357 fuerunt

486 2389 696 2461 supranominati
715 2389 820 2442 domini
839 2390 969 2444 clauarius
988 2403 1014 2444 et
1033 2391 1155 2444 consules
1174 2409 1204 2444 ac
1223 2389 1380 2462 infrascripti
1398 2391 1555 2446 decuriones
1567 2403 1593 2446 et
1605 2409 1657 2444 cre·

487 2476 604 2548 dendarij
630 2477 693 2530 dicti
712 2476 764 2530 loci
784 2477 890 2548 bugelle
908 2478 942 2530 Et
959 2478 1046 2549 primo
1074 2478 1228 2548 Spectabilis
1256 2491 1282 2531 et
1300 2478 1413 2533 eximius
1440 2479 1505 2549 juris
1523 2479 1657 2550 utriusque

487 2567 580 2619 doctor
598 2565 724 2618 dominus
742 2567 851 2635 jacobus
869 2567 903 2619 de
921 2566 1021 2636 putheo
1040 2566 1164 2638 pinarolij
1186 2567 1325 2638 tociusque
1342 2567 1426 2636 patrie
1438 2568 1598 2638 principatus
1616 2585 1658 2638 pe

488 2654 754 2723 demenciumJudex
772 2666 849 2707 natus
867 2655 1004 2724 quondam
1023 2654 1120 2708 nobilis
1130 2654 1249 2708 Simonis
1267 2655 1300 2708 de
1318 2655 1418 2725 putheo
1436 2656 1470 2708 de
1488 2655 1593 2726 bugella
1602 2656 1658 2709 Do-

488 2745 578 2797 minus
593 2743 706 2813 Jacobus
725 2754 797 2796 costa
824 2743 950 2796 dominus
977 2742 1125 2796 francexius
1153 2743 1309 2796 berthodani
1337 2743 1472 2813 Johannes
1500 2743 1657 2797 berthodnni

489 2833 610 2885 Mattheus
628 2831 661 2884 de
680 2829 830 2883 meschiatis
849 2830 1001 2884 Ludouicus
1020 2833 1053 2884 de
1071 2831 1343 2902 gromisDominicus
1358 2831 1658 2902 pasalaquaJeronimus

488 2920 585 2989 serrerij
607 2919 778 2972 Francischus
796 2936 880 2989 gener
899 2919 1053 2972 Ludouicus
1072 2921 1105 2974 dc
1132 2919 1239 2973 villanis
1268 2920 1416 2973 bernardus
1442 2919 1522 2974 scalia
1545 2920 1659 2990 Jacobus

489 3009 584 3062 lerona
602 3005 755 3060 Manlredus
774 3007 807 3060 de
822 3007 974 3060 meschiatis
992 3007 1086 3062 Petms
1105 3009 1220 3062 condam
1239 3007 1337 3062 nobilis
1355 3008 1480 3061 valeriani
1499 3009 1533 3062 de
1545 3008 1658 3080 ferrariis

489 3097 581 3150 Petrus
593 3096 626 3148 de
638 3094 792 3148 comittibus
804 3095 928 3157 Quilicus
941 3097 974 3149 de
986 3097 1098 3149 batianis
1112 3097 1278 3168 Augustinus
1291 3114 1443 3150 meseranus
1453 3097 1589 3166 Johannes
1604 3099 1659 3151 vin-

489 3185 594 3238 cendus
604 3202 726 3239 carazaoa
738 3186 891 3239 Leonardus
901 3185 979 3237 scalia
989 3186 1149 3238 Nicholinus
1160 3186 1192 3238 de
1202 3184 1397 3254 montegrando
1416 3185 1568 3239 Manlredus
1578 3203 1660 3257 gener

490 3273 635 3328 Nicholaus
645 3291 769 3328 carazana
779 3273 929 3343 Stephanus
939 3273 971 3326 de
982 3274 1081 3343 putheo
1089 3274 1225 3342 Johannes
1238 3273 1270 3326 de
1287 3272 1392 3325 villanis
1401 3272 1567 3342 Johannetus
1577 3290 1660 3345 quon-

490 3363 551 3414 dam
565 3365 666 3435 georgii
681 3364 714 3416 de
727 3362 831 3415 villanis
846 3362 938 3414 Petrus
957 3362 990 3414 de
1008 3362 1127 3432 mauricij
1148 3361 1244 3414 Simon
1258 3361 1366 3414 Riuacia
1376 3361 1489 3431 Jacobus
1502 3361 1535 3414 de
1547 3362 1660 3432 ierrarijs

490 3449 612 3504 Thomas
630 3453 663 3504 de
681 3452 770 3523 grecio
789 3450 948 3504 Michelinus
961 3451 1097 3520 quondam
1113 3451 1234 3520 anthonij
1249 3451 1282 3504 de
1295 3449 1406 3502 batianis
1416 3451 1582 3519 Johannetus
1594 3449 1659 3504 lecia

491 3539 640 3610 Stephanus
658 3541 691 3593 de
703 3539 793 3609 grecio
810 3538 940 3592 clauarius
958 3537 1054 3609 colegij
1077 3538 1268 3609 pelipariomm
1287 3537 1456 3608 Sthephanus
1484 3540 1517 3592 de
1535 3539 1660 3592 casalono

490 3627 620 3682 clauan'us
637 3627 731 3699 colegij
752 3639 883 3680 sertorum
902 3626 1035 3698 Georgius
1053 3627 1174 3680 duraschi
1207 3627 1336 3680 eleuarius
1365 3626 1471 3699 collegij
1492 3626 1660 3682 ferrariorum

488 3717 623 3788 Johannes
642 3716 743 3770 horiola
761 3715 892 3769 clauarius
909 3715 1005 3787 colegij
1026 3715 1258 3786 carpantariorum.
1278 3715 1382 3769 Omnes
1400 3716 1433 3769 de
1452 3716 1556 3786 bugella
1570 3727 1596 3768 ct
1607 3733 1660 3770 cre

492 3805 608 3874 dendan'j
629 3805 747 3858 eiusdem
766 3803 818 3857 loci
831 3803 888 3866 Qui
901 3804 1066 3857 constituunt
1077 3816 1104 3857 et
1116 3803 1216 3857 iaciunt
1230 3815 1314 3856 totam
1327 3803 1491 3856 credentiam
1506 3821 1553 3856 seu
1565 3803 1658 3856 saltem

492 3894 557 3948 duas
575 3907 660 3966 partes
678 3906 703 3946 et
721 3893 788 3946 vltra
800 3893 924 3946 omnium
941 3892 1173 3946 credendariorum
1187 3892 1305 3945 eiusdem
1318 3891 1378 3945 loci.
1392 3893 1425 3944 Et
1438 3892 1484 3962 qui
1496 3891 1658 3962 credandmij

492 3995 579 4036 totum
598 3981 728 4052 populum
746 3979 797 4033 loci
816 3980 922 4052 bugelle
940 3993 966 4033 et
984 3981 1118 4033 saniorem
1131 3993 1231 4051 partem
1244 3991 1430 4050 represantant.
1444 3980 1474 4032 ln
1487 3995 1539 4051 qua
1552 3979 1661 4050 quidem

493 4069 629 4123 credentia
647 4069 716 4122 inter
733 4081 818 4122 cetera
836 4085 883 4139 per
901 4067 971 4138 ipsos
990 4068 1116 4121 dominos
1134 4068 1280 4121 clauarium
1300 4081 1327 4121 et
1344 4067 1467 4120 consules
1485 4080 1511 4120 et
1523 4067 1663 4121 credanda·

495 4158 548 4210 rios
567 4157 800 4225 supranominatos
811 4156 938 4210 omnibus
952 4156 1127 4209 existentibus
1140 4157 1168 4209 in
1181 4157 1323 4209 concordia
1336 4169 1363 4209 et
1376 4155 1486 4208 nemine
1499 4155 1662 4225 discrepante

496 4257 521 4300 et
540 4245 573 4298 de
591 4244 704 4297 consilio
732 4243 887 4316 Spectabilis
915 4245 996 4297 exind
1014 4245 1080 4315 juris
1107 4245 1240 4315 utriusque
1268 4243 1382 4298 doctoris
1401 4243 1505 4298 domini
1519 4243 1611 4315 Jacobi
1629 4243 1663 4298 de
