3926 5542
1373 519 1420 574 υς

296 623 1231 698 Egnangnstinuslilimquondammianideoerutisdebngella
1257 625 1424 682 meeum

258 717 371 771 domus
389 715 509 783 publicus
527 712 656 781 imperiali
674 713 829 764 auctoritate
846 713 964 764 notarius
975 723 1002 764 et
1014 712 1149 765 oonscriba
1161 713 1233 765 curie
1246 712 1421 782 prefectorum

258 805 442 859 Dominornrn
459 801 555 868 clauarp'
575 811 602 852 et
619 799 760 852 oonsulum
778 800 901 851 comunis
919 799 1025 868 bugelle
1044 799 1118 852 Dum
1135 800 1307 870 suprascripta
1324 815 1421 856 statuta

257 909 312 963 qne
329 903 391 943 sunt
409 905 523 942 numero
541 889 596 940 dno
613 886 706 940 fierent
725 899 751 940 et
770 889 946 940 conderentur
963 885 1138 955 publioaeionj
1158 904 1210 957 que
1238 903 1286 958 pro
1303 889 1422 943 secundo

257 980 364 1036 notario
382 993 489 1047 presens
505 976 612 1029 interfui
640 975 706 1028 facta
732 989 821 1028 tamen
849 977 936 1027 debita
965 975 1143 1044 liqnidscione
1170 974 1211 1028 De
1238 975 1301 1045 ipsis
1328 992 1376 1046 pto
1393 987 1422 1032 tt

257 1087 336 1140 snpra
354 1069 480 1136 scripturn
499 1079 538 1120 est
555 1079 582 1118 et
599 1067 627 1119 in
646 1065 727 1118 tidem
745 1065 869 1118 omnium
888 1063 1075 1133 premissorum
1094 1063 1138 1118 bic
1152 1079 1196 1118 me
1207 1065 1346 1135 subsnipsi
1359 1081 1421 1120 cum

257 1159 427 1232 rppoeicione
445 1157 516 1210 soliti
534 1157 587 1210 mei
606 1157 675 1226 signi
694 1156 876 1208 tabelionatua

292 1330 570 1402 (nn11)annrr10
589 1329 771 1385 STATUTIS
791 1331 839 1386 DE
859 1329 1077 1386 POTESTATE
1095 1345 1155 1386 vm.
1173 1331 1246 1388 Maii.
1264 1331 1365 1388 ΜΒΝ.
1386 1363 1419 1376 ..

257 1422 312 1476 Ful.
331 1421 435 1474 almer.
454 1433 524 1473 xrn.
543 1447 576 1460 -
595 1433 675 1472 xrrn.

292 1565 323 1617 ln
333 1563 445 1617 nomine
455 1561 559 1616 domini
572 1561 655 1615 nostri
672 1541 733 1634 phu
746 1541 891 1634 x-piamen.
904 1561 986 1616 Anno
998 1561 1150 1616 Natiuitatis
1161 1519 1280 1618 eiusdem
1291 1561 1420 1618 Currente

257 1652 401 1706 millesimo
411 1650 638 1721 quingentesimo
650 1663 744 1720 quamn
756 1650 894 1704 Indicione
905 1663 977 1705 sexta
993 1650 1036 1704 die
1050 1667 1113 1706 vero
1125 1663 1221 1706 octauo
1232 1651 1333 1706 murus
1346 1652 1418 1722 maij.

291 1775 384 1843 Ibique
402 1773 556 1826 Conuooeta
575 1785 601 1826 et
619 1785 778 1843 congregata
796 1773 941 1828 credentia
960 1773 1083 1828 comunis
1100 1787 1127 1828 et
1144 1773 1289 1828 hominum
1307 1773 1419 1845 bugella

256 1879 324 1916 sono
343 1879 471 1931 campane
489 1873 515 1914 et
532 1877 598 1914 voce
616 1863 737 1932 preconis
754 1873 782 1916 tt
799 1863 882 1916 moris
900 1873 940 1916 ast
957 1863 991 1916 de
1009 1863 1135 1916 mandato
1144 1861 1298 1933 Spectabilis
1315 1863 1419 1918 dontini

255 1951 360 2005 Nicolai
378 1952 411 2003 de
429 1951 529 2019 putheo
547 1950 653 2020 clauarij
673 1967 703 2004 ac
722 1950 861 2004 Nobilium
880 1950 1071 2004 berthollonaei
1089 1951 1144 2004 nati
1164 1951 1301 2022 quondam
1313 1951 1417 2022 Specta·

256 2039 315 2094 bilis
334 2039 398 2106 juris
416 2037 491 2107 periti
510 2038 613 2091 domini
632 2039 759 2092 Iohannis
771 2039 804 2092 de
816 2038 927 2092 batianis
940 2038 1028 2092 Ottini
1040 2037 1077 2092 lili
1095 2039 1231 2108 qnondam
1243 2039 1341 2093 nobilis
1353 2039 1419 2110 petri

255 2129 288 2180 de
300 2127 405 2180 villanis
417 2139 443 2180 et
455 2125 610 2195 Gaspardini
625 2126 662 2179 fili
677 2128 812 2197 quondam
825 2127 922 2180 nobilis
936 2127 1057 2180 Anthoni
1073 2125 1183 2196 tollegni
1194 2127 1343 2182 Consulum
1356 2127 1419 2182 dicti

255 2215 387 2270 Comunis
405 2230 483 2283 super
501 2214 612 2284 pallatio
630 2215 749 2268 eiusdem
768 2215 892 2268 comunis
910 2216 976 2268 scito
994 2215 1022 2268 in
1042 2215 1127 2286 piaclo
1145 2215 1208 2268 dicti
1226 2215 1279 2269 loti
1310 2215 1419 2284 Bnpelle

254 2305 297 2356 eui
315 2303 442 2356 coherent
459 2303 492 2355 ab
510 2319 561 2355 vna
580 2315 653 2372 parte
670 2303 774 2374 plathea
792 2319 845 2374 que
861 2315 901 2356 ast
918 2315 980 2356 ante
997 2302 1141 2358 Ecclesiam
1155 2302 1237 2356 sancti
1250 2303 1376 2358 laoobiet
1386 2305 1419 2359 ab

253 2390 313 2462 alijs
331 2391 414 2444 tribus
432 2391 548 2460 partibus
566 2391 608 2442 via
626 2391 750 2444 comunis
768 2390 852 2461 Super
864 2405 918 2461 quo
936 2391 1045 2462 quidem
1065 2391 1166 2462 palacio
1184 2389 1252 2445 solet
1269 2391 1338 2444 dicta
1357 2391 1418 2446 Cte-

254 2479 347 2532 dencia
365 2480 505 2548 conuocari
525 2489 552 2532 et
569 2480 733 2548 congregatij
754 2495 801 2550 pm
819 2479 938 2548 negociis
956 2496 1003 2550 rey
1020 2479 1125 2550 publice
1143 2477 1252 2548 Bngelle
1263 2477 1417 2534 ordinandis

253 2579 280 2622 et
298 2567 492 2638 pertramndis
510 2568 541 2620 ln
560 2583 612 2638 qua
630 2568 738 2638 quidem
758 2567 887 2622 Crdencia
906 2567 1082 2620 interiuemnt
1108 2579 1135 2620 et
1162 2577 1294 2638 presentet
1312 2566 1418 2622 luentnt

254 2653 463 2724 supranominati
482 2652 619 2709 Clanarius
637 2665 664 2708 et
682 2655 803 2708 consules
821 2671 851 2708 ac
870 2653 1026 2725 infrascripti
1044 2655 1199 2708 decuriones
1216 2665 1243 2708 et
1255 2655 1416 2726 credendatij

253 2741 361 2812 predicti
380 2740 431 2793 loci
450 2741 567 2808 lingelle.
586 2743 619 2796 Et
637 2742 723 2812 primo
749 2742 908 2812 Spectabiles
926 2742 1030 2796 domini
1049 2741 1195 2796 bannerius
1208 2741 1349 2798 &nonant
1359 2743 1418 2798 Ber·

253 2828 406 2880 tholomeus
419 2827 554 2881 benndani
567 2831 693 2896 magister
707 2829 858 2883 Boniiacius
871 2829 904 2883 de
917 2829 1016 2884 cecima
1029 2831 1130 2884 arcium
1143 2839 1169 2884 et
1180 2830 1314 2884 medicine
1325 2831 1418 2886 doctor

254 2915 377 2968 henricus
396 2913 491 2983 fenerii
512 2916 724 2970 Berthollomens
743 2919 776 2971 de
795 2918 895 2986 gromis
915 2919 1041 2986 magister
1070 2917 1239 2972 Sebastianus
1265 2919 1418 2990 depromis

254 3003 353 3056 arcium
373 3013 399 3056 et
417 3004 548 3057 medicine
566 3004 696 3073 professor
715 3006 836 3058 Mattheus
848 3005 881 3058 de
895 3005 1022 3058 mestintis
1035 3005 1188 3058 Ludouicus
1199 3005 1233 3059 de
1245 3005 1350 3060 villanis
1360 3007 1418 3062 Bet·

254 3090 350 3144 nardus
369 3089 446 3142 scalia
465 3090 600 3144 lohannes
619 3092 705 3145 nicola
725 3093 758 3144 de
776 3093 903 3144 mentiatis
923 3093 1076 3146 Anthonius
1095 3093 1128 3144 de
1140 3093 1240 3162 putheo
1253 3093 1372 3148 Andreas
1384 3095 1417 3148 de

253 3179 357 3231 tillonis
372 3178 523 3248 Jeronimus
541 3179 574 3232 de
592 3180 673 3249 spinis
692 3193 779 3250 petrus
799 3179 867 3232 filius
885 3181 1021 3250 quondam
1040 3180 1138 3233 nobilis
1155 3179 1289 3233 vallariani
1309 3182 1343 3235 de
1362 3181 1415 3236 ser-

254 3265 316 3318 mris
335 3265 466 3318 lohannes
485 3267 638 3319 uincencins
656 3267 688 3320 de
706 3284 827 3320 carazana
843 3267 1011 3320 hlichellinus
1029 3269 1062 3320 de
1081 3266 1192 3320 batianis
1204 3267 1304 3340 Gaspet
1317 3269 1350 3322 de
1364 3287 1417 3322 nte·

252 3354 335 3406 stiatis
353 3353 501 3423 Stephanus
519 3354 552 3406 de
570 3355 681 3407 batianis
700 3355 858 3408 Thomenus
885 3356 918 3408 de
945 3355 1056 3408 mselate
1084 3355 1235 3408 anclscus
1253 3355 1286 3409 de
1305 3355 1415 3410 lantono

256 3441 422 3510 Augustinus
441 3441 475 3494 de
493 3441 604 3510 ferrariis
623 3441 771 3511 Stephanus
791 3443 824 3496 de
852 3444 951 3512 putheo
978 3443 1072 3495 Simon
1095 3443 1199 3505 nuncia,
1218 3441 1329 3498 Ottinns
1347 3443 1416 3498 lilius

252 3529 387 3599 quondam
406 3528 503 3582 nobilis
520 3529 645 3598 jeronimi
664 3531 698 3584 de
716 3530 819 3583 villanis
839 3530 1001 3584 lohannetus
1019 3531 1053 3583 de
1072 3529 1183 3600 lettarijs
1212 3530 1363 3586 Manltedus
1381 3533 1414 3586 dc

252 3617 379 3670 mentiatis
398 3615 536 3670 Nicollnus
554 3617 587 3669 de
606 3619 791 3687 montegrandj
812 3618 966 3672 Anthonins
978 3619 1011 3670 de
1024 3618 1135 3686 ferrariis
1148 3619 1327 3672 hcmtetmetns
1340 3621 1414 3689 spina

251 3705 405 3758 Anthonius
417 3705 504 3774 gronii
517 3705 584 3774 pedo
598 3719 685 3776 petrus
698 3705 767 3760 filins
776 3709 911 3776 quondam
922 3705 1019 3760 nobilis
1029 3705 1111 3776 Blaxij
1123 3707 1157 3760 de
1167 3705 1278 3776 letrarijs
1290 3707 1415 3761 Thadens

251 3793 284 3846 de
296 3792 367 3846 carlo
379 3791 500 3846 Thomas
512 3809 578 3863 cupa
591 3794 742 3848 dominicus
755 3795 848 3848 croseti
862 3795 964 3848 Marcus
979 3797 1050 3864 plara
1069 3795 1198 3848 clauarius
1210 3795 1304 3864 colegij
1319 3793 1415 3848 lanata·

251 3881 351 3934 riorum
370 3881 464 3934 Nicola
482 3881 576 3934 croseti
595 3881 724 3934 clauarius
736 3881 841 3950 collegii
856 3882 1050 3950 callipan'omm
1064 3881 1256 3936 Gullierminus
1269 3883 1302 3936 de
1315 3882 1414 3952 pellino

250 3967 379 4022 clauarius
391 3967 495 4036 collegii
511 3981 644 4023 textontm
658 3969 804 4023 Bernatdus
817 3971 849 4023 de
863 3971 998 4022 benedicta
1012 3969 1140 4022 clanarins
1153 3969 1257 4038 collegii
1270 3969 1414 4040 pellipario

250 4073 309 4108 tum
320 4057 474 4110 Anthonius
483 4057 516 4110 de
525 4057 595 4110 vieto
604 4057 732 4110 clauarius
740 4070 870 4110 sartorum
880 4056 1072 4110 Gullierminus
1082 4059 1115 4110 de
1124 4057 1277 4110 constancio
1285 4057 1413 4112 clauarius

250 4141 383 4196 labrorum
403 4144 535 4198 lohannes
553 4145 627 4214 spina
645 4143 737 4196 consul
751 4144 855 4213 collegii
871 4146 1035 4198 notariorum
1050 4145 1192 4198 Vbertinus
1205 4145 1351 4214 camparins
1364 4146 1414 4200 cla·

251 4229 339 4284 uarius
357 4231 461 4302 collegij
483 4232 638 4286 bechariom
658 4231 798 4286 Nicolinus
816 4233 849 4286 de
869 4232 1054 4300 montegrandi
1074 4232 1217 4286 Seuerinus
1235 4232 1268 4286 de
1287 4233 1413 4286 mestiatis

250 4333 345 4372 omnes
363 4318 396 4372 de
430 4319 535 4388 bugella
563 4331 588 4372 et
615 4319 775 4392 credendarij
809 4321 927 4374 eiusdem
956 4320 1006 4374 loci
1036 4319 1082 4391 qui
1108 4320 1253 4374 constituat
1271 4331 1297 4374 et
1316 4319 1414 4374 iaciunt

303 4437 385 4484 Suu.
402 4459 425 4472 -
442 4451 460 4482 t·
1335 4455 1359 4486 ιο
