3926 5542
512 421 562 498 16‘8

508 616 831 688 REPERTORIUM
853 617 1170 686 STATUTORUM
1193 616 1333 686 SUPER
1347 610 1671 685 smotceslossss

551 723 831 791 porosum
853 723 1011 792 Ewsvss
1033 722 1223 793 somus.
1246 722 1302 812 (1)

542 931 563 968 1.
583 914 657 984 Quod
670 921 777 987 potestas
793 916 826 969 sit
843 916 890 970 sote
916 915 1042 970 sindicoto
1065 925 1112 987 per
1128 922 1181 970 octo
1198 915 1250 968 dies
1276 921 1334 968 onte
1351 920 1373 966 et
1391 915 1489 966 tots'etem
1503 920 1560 984 post
1576 914 1670 966 exituro

506 1003 582 1072 efficii
598 1020 641 1058 occ
657 1003 776 1057 discedere
789 1005 868 1075 possit
884 1020 901 1057 o
919 1005 971 1058 toco
988 1004 1089 1075 Bregette
1107 1005 1159 1056 nisi
1176 1003 1273 1056 obtento
1292 1003 1392 1056 ts'ceretr'o
1410 1002 1518 1074 septeno
1536 1002 1669 1054 croieoct'o.

506 1089 546 1142 De
558 1092 757 1161 preconizote'one
773 1091 912 1144 sindimtus
921 1091 1010 1161 fiendo
1025 1101 1072 1163 per
1090 1091 1145 1145 ΧΥ.
1165 1091 1216 1144 dies
1233 1091 1308 1162 deque
1325 1091 1425 1143 licentio
1437 1090 1496 1142 doto
1508 1089 1672 1143 crotitore'bus

501 1180 628 1249 potestatis
645 1196 701 1232 eum
715 1179 880 1250 personaliter
896 1178 1039 1232 onestoode'
1055 1185 1077 1232 et
1094 1177 1229 1232 detimnde'.
1248 1178 1292 1246 (Υ.
1311 1195 1351 1244 13.
1370 1178 1413 1248 69.
1432 1178 1485 1232 ΙΙΙ.
1504 1178 1546 1248 B.)

543 1351 567 1390 2.
580 1338 619 1391 De
635 1337 747 1392 etecetm
760 1337 846 1406 fiendo
859 1339 1034 1408 procuratoris
1051 1355 1093 1390 seo
1110 1337 1203 1391 stadici
1219 1344 1241 1389 et
1259 1337 1384 1390 auditoris
1401 1354 1443 1390 sere
1462 1337 1553 1390 indicis
1570 1336 1604 1389 od
1620 1338 1671 1389 sire-

504 1423 614 1478 de'cotom
631 1424 661 1477 de
677 1441 763 1478 eorum
780 1440 891 1489 monere,
909 1424 998 1477 ordine
1010 1423 1158 1496 procedendi
1174 1430 1248 1495 otqoe
1261 1425 1350 1496 peresis.
1371 1424 1414 1492 (V.
1435 1440 1473 1493 7¹·
1492 1423 1545 1478 111.
1564 1424 1604 1494 B).

540 1600 566 1652 3.
585 1583 624 1636 De
641 1583 735 1637 solorio
752 1582 913 1637 sindtmoris
930 1589 952 1636 et
965 1583 1149 1654 procuratoris,
1162 1582 1236 1654 deque
1253 1582 1414 1636 amomon
1431 1581 1579 1636 concedendo
1597 1598 1614 1636 o
1632 1598 1671 1636 co-

504 1687 579 1722 mone
596 1669 758 1723 creditoribus
772 1671 899 1742 potestatis
916 1671 1010 1724 solvere
1027 1671 1174 1734 recusantis,
1193 1669 1226 1722 od
1251 1669 1378 1741 egendum
1407 1685 1492 1723 coram
1520 1671 1606 1722 comite
1623 1685 1668 1722 so-

505 1757 609 1811 bouete‘ae.
628 1758 672 1827 (Υ.
691 1758 731 1811 61.
750 1758 786 1828 I).

539 1932 564 1983 4.
583 1916 622 1969 Βι
635 1919 781 1985 joromnto
796 1916 939 1986 praestoodo
954 1925 1000 1987 per
1014 1916 1125 1985 judicem
1142 1915 1328 1978 sindicotorem,
1354 1922 1541 1986 procuratorem
1569 1921 1591 1968 et
1619 1932 1667 1968 rso-

506 2006 600 2055 tarium
618 2003 756 2056 sindicotus
769 2003 877 2071 fidetiter
895 2003 1021 2055 exercendi
1038 2004 1154 2073 officium.
1176 2003 1215 2056 De
1232 2013 1352 2074 compono
1367 2004 1492 2074 pulsando
1510 2003 1543 2055 od
1560 2002 1667 2055 sindico-

504 2096 566 2154 tom,
587 2091 625 2142 his
641 2091 748 2161 quotibet
766 2091 805 2142 die
814 2111 824 2154 ;
842 2093 899 2160 quis
916 2091 1030 2144 interesse
1046 2091 1128 2143 debeat
1146 2097 1168 2143 et
1186 2092 1276 2162 quibus
1301 2093 1383 2162 ponis
1406 2097 1588 2162 persequantur
1605 2107 1667 2142 coo-

504 2177 665 2246 trofocientes.
684 2177 727 2245 (Υ.
749 2193 786 2245 71.
806 2176 858 2229 111.
878 2177 918 2246 B).

539 2349 565 2402 5.
584 2334 659 2401 Quod
672 2341 778 2406 potestas
795 2352 853 2388 com
871 2335 961 2399 iudice,
980 2337 1059 2388 milite
1076 2342 1098 2388 et
1110 2337 1215 2406 fomits'o
1233 2343 1299 2390 store
1315 2336 1397 2389 debeat
1414 2336 1448 2389 od
1464 2335 1614 2389 sindimtsem
1622 2343 1669 2406 per
1769 2343 1773 2348 '

504 2421 559 2473 ΧΥ.
577 2421 629 2474 dies
642 2429 698 2494 post
715 2425 810 2475 exitum
828 2425 971 2493 regiminis,
984 2441 1092 2494 quorum
1109 2430 1162 2478 octo
1179 2426 1231 2477 siret
1244 2433 1294 2496 pro
1308 2424 1474 2496 peticionibus
1491 2424 1583 2476 doods's
1600 2431 1668 2476 etro

503 2509 568 2578 lique·
581 2518 630 2579 pro
647 2511 773 2564 sententiis
783 2510 904 2581 serendis.
924 2511 967 2578 (Υ.
986 2512 1030 2582 69.
1050 2527 1092 2580 70.
1113 2512 1165 2566 III.
1184 2513 1225 2582 B).

538 2667 564 2720 ό.
583 2668 622 2721 De
635 2670 781 2737 juramento
796 2677 842 2739 per
856 2675 998 2740 potestatem
1012 2669 1162 2739 praestoredo.
1182 2672 1197 2739 (
1198 2671 1225 2724 V.
1245 2670 1288 2740 69.
1309 2686 1351 2739 7⁰·
1371 2671 1423 2724 ΙΙΙ.
1441 2671 1482 2739 Β).

540 2838 563 2894 7.
583 2824 658 2892 Quod
671 2831 777 2896 potestas
794 2827 934 2897 compellere
950 2827 1032 2880 debeat
1049 2830 1180 2881 servitores
1197 2830 1275 2881 curiae
1293 2827 1326 2880 od
1343 2827 1482 2880 iurandum
1490 2845 1515 2881 se
1531 2830 1669 2882 executioni

502 2911 666 2966 mndotoros
683 2915 815 2967 senteotr'os
832 2914 903 2985 infra
923 2915 978 2968 ΧΥ.
996 2915 1055 2969 dies.
1075 2916 1118 2984 (Υ.
1138 2931 1180 2985 72.
1200 2916 1252 2969 111.
1271 2916 1312 2986 B).

527 4190 555 4242 (ι)
571 4189 598 4231 Ut
613 4190 653 4242 itm
668 4189 814 4243 superioribus,
829 4191 869 4229 hiis
884 4201 965 4244 quoque
979 4191 1061 4230 statutis
1075 4191 1182 4231 cdiicimos
1197 4191 1329 4244 repertorium
1339 4191 1360 4230 in
1370 4203 1412 4244 quo
1422 4201 1442 4231 et
1451 4204 1547 4232 numeros
1558 4191 1666 4232 mutim·

499 4261 635 4315 copitutorum
650 4262 777 4300 monumenti
791 4260 800 4300 Ι
814 4271 834 4301 er
848 4260 885 4310 111,
899 4273 931 4301 res
945 4261 1037 4313 ejusdem
1051 4263 1132 4316 generis
1147 4263 1320 4315 metantium.
