3978 5546
559 485 579 545 6

560 611 613 666 hoc
631 621 773 666 teneantur
791 609 877 664 lacere
896 609 975 663 solari
994 609 1028 664 de
1046 609 1177 682 lapidibus
1195 609 1260 664 colis
1278 608 1396 680 quolibet
1414 623 1486 662 anno
1499 609 1608 680 perticas
1619 623 1671 666 tres
1688 612 1732 682 (1)

559 700 644 754 silicet
662 700 696 754 de
714 711 787 753 costa
804 698 889 770 glarie
908 698 952 752 uel
970 699 1084 754 andumi
1103 698 1147 753 uel
1175 698 1218 768 (a)
1237 713 1328 752 uersus
1355 709 1495 752 uernatum
1522 699 1565 768 (3)
1584 699 1636 753 Vbi
1654 699 1733 756 luerit

559 791 647 860 major
664 787 806 842 necessitas
824 804 909 859 usque
927 787 960 841 ad
979 787 1082 840 exitum
1101 785 1183 858 magi.
1202 799 1229 842 et
1247 786 1319 858 quod
1338 786 1425 857 primo
1452 799 1592 842 teneantur
1610 789 1732 844 consules

558 877 635 930 omni
654 893 728 932 anno
747 874 831 930 lacere
849 874 928 929 solari
947 876 981 931 de
999 887 1071 930 costa
1090 875 1205 929 andumi
1224 873 1334 946 perticas
1353 873 1402 929 1111
1421 875 1505 929 donec
1523 875 1602 930 luerit
1619 889 1675 932 tota
1692 894 1733 932 so-

559 965 619 1020 lata.
639 967 675 1020 ita
693 965 766 1036 quod
785 981 841 1018 non
861 965 944 1035 possit
962 981 1008 1035 per
1025 964 1188 1018 credentiam
1208 963 1361 1033 dispensari.
1380 963 1413 1016 Et
1431 963 1453 1016 si
1471 964 1593 1018 consules
1606 965 1732 1020 contrarie·

558 1053 643 1108 cerint
670 1052 714 1106 uel
733 1051 817 1106 lacem
845 1053 1024 1106 recusauerim
1051 1051 1204 1122 persoluant
1229 1067 1276 1122 pro
1295 1051 1384 1104 banno
1410 1051 1509 1105 solidos
1537 1051 1584 1106 Lx
1602 1039 1650 1123 pm
1668 1070 1732 1124 quo

558 1141 630 1196 libet.

596 1301 638 1352 24.
657 1285 790 1356 lxxffll)
810 1285 878 1340 ltem
896 1295 1026 1340 statutum
1044 1283 1118 1355 quod
1135 1281 1224 1354 aliqua
1234 1298 1344 1354 persam
1364 1281 1397 1336 de
1415 1281 1521 1354 bugella
1539 1283 1582 1352 (4)
1600 1283 1642 1338 vel
1660 1283 1732 1338 babi-

558 1385 618 1430 tans
635 1373 664 1430 in
683 1373 791 1445 bugella
810 1375 853 1444 (4)
871 1389 927 1428 ooo
940 1373 1034 1428 debeat
1043 1383 1133 1426 uetare
1144 1371 1253 1443 aliquod
1263 1372 1382 1425 bannum
1392 1370 1435 1425 uel
1445 1371 1594 1442 pignus(5)
1603 1373 1732 1428 ocaxim

557 1463 670 1518 alicuius
689 1462 771 1518 banni
789 1463 833 1516 uel
852 1461 1032 1516 collectarum.
1051 1477 1099 1514 seu
1118 1461 1309 1531 cuiuscumque
1327 1459 1442 1532 precepti
1461 1459 1504 1514 uel
1523 1477 1659 1530 processus
1671 1459 1731 1516 lacti

560 1569 607 1624 per
624 1551 748 1606 consules
766 1552 810 1621 (5)
829 1552 863 1605 de
880 1567 935 1622 quo
954 1549 988 1604 sit
1006 1561 1150 1614 accusatus,
1170 1548 1248 1603 alicui
1267 1547 1388 1602 seruitori
1408 1549 1452 1602 uel
1471 1549 1570 1602 nuncio
1589 1549 1730 1604 consulum

557 1640 614 1694 siue
632 1640 667 1694 sit
685 1639 812 1694 dominus
830 1639 928 1692 domus
946 1637 1004 1692 siue
1022 1653 1086 1691 non.
1106 1654 1155 1691 nec
1173 1637 1295 1692 claudere
1313 1636 1430 1708 aliquam
1444 1637 1558 1708 Januam
1578 1637 1730 1694 uelostiutn

556 1741 649 1784 contra
667 1729 739 1800 ipsos
756 1727 898 1782 seruitores
916 1726 961 1780 uel
979 1727 1096 1781 nuntios.
1115 1727 1149 1780 Et
1167 1725 1213 1797 qui
1231 1725 1420 1781 contrafecerit
1439 1725 1526 1780 soluat
1544 1727 1663 1781 bannum
1681 1743 1729 1782 so-

557 1817 684 1872 lidorum.
704 1817 737 1871 V.
757 1833 800 1888 pp.
819 1816 853 1870 Et
871 1817 894 1870 si
912 1814 1009 1870 faceret
1026 1827 1132 1869 tantum
1151 1815 1224 1886 quod
1243 1831 1371 1885 oampana
1386 1813 1455 1884 Jnde
1467 1814 1634 1886 pulssatetur.
1644 1815 1732 1870 soluat

558 1907 678 1961 bannum
697 1905 833 1960 librantm.
852 1905 885 1959 X.
905 1904 948 1976 (6)
966 1921 1009 1976 pp.
1028 1917 1055 1958 et
1072 1903 1186 1958 seruitor
1203 1903 1261 1957 siue
1278 1904 1393 1957 nuncius
1410 1915 1531 1958 teneatur
1553 1903 1730 1958 incontinenti

557 2011 679 2050 accusare
697 2007 724 2048 et
742 1994 827 2048 facere
845 1995 910 2066 poni
929 1994 957 2047 in
977 1994 1044 2048 libro
1063 1993 1187 2048 comunis
1205 1993 1401 2046 accusationem
1419 2009 1504 2046 suam.

593 2169 635 2223 25.
657 2154 761 2224 (XXV.)
782 2154 849 2209 Item
868 2167 997 2208 statutum
1016 2166 1055 2208 est
1073 2154 1145 2226 quod
1164 2153 1186 2207 si
1204 2153 1264 2225 quis
1273 2153 1413 2225 requisitus
1421 2153 1501 2207 luerit
1518 2154 1729 2224 perseruitorem

559 2243 684 2297 comunis
703 2244 747 2298 uel
766 2260 812 2314 per
829 2243 913 2298 alium
932 2245 966 2298 de
984 2256 1107 2314 precepto
1126 2243 1267 2298 consulum
1282 2242 1453 2314 personaliter
1464 2243 1497 2296 ad
1510 2242 1666 2312 petitionem
1684 2243 1728 2296 ali-

555 2331 638 2386 cuius.
658 2343 686 2385 et
703 2349 760 2386 noo
780 2331 891 2386 uenerit
910 2331 1006 2386 Soluat
1024 2333 1143 2385 bannum
1162 2332 1205 2402 (7)
1223 2331 1371 2386 solidorum
1389 2331 1414 2385 Il
1432 2331 1475 2402 (7)
1494 2347 1536 2402 pp.
1550 2331 1579 2383 in
1592 2321 1730 2385 uoluntate

554 2419 627 2474 illius
645 2421 691 2491 qui
710 2419 801 2475 lecerit
818 2438 882 2475 eum
900 2421 1006 2491 requiri.
1026 2433 1052 2474 et
1071 2420 1193 2476 consules
1212 2433 1351 2474 teneantur
1369 2431 1490 2474 excutere
1508 2419 1595 2490 ipsum
1610 2419 1727 2474 bannum

554 2521 580 2563 et
599 2525 698 2579 ponere
717 2509 744 2562 in
765 2509 834 2564 libro
852 2509 984 2564 comunis.

590 2650 860 2722 26.[xxv1.]nem
888 2664 1018 2706 statutum
1046 2665 1085 2706 est
1103 2652 1176 2723 quod
1194 2651 1312 2723 quelibet
1340 2667 1451 2722 persona
1470 2651 1503 2705 de
1521 2650 1628 2721 bugella
1646 2650 1729 2723 possit

555 2755 582 2796 et
594 2743 643 2797 sibi
657 2743 734 2796 liceat
752 2740 837 2796 lacere
855 2740 1061 2795 delienssionem
1080 2753 1172 2794 contra
1191 2741 1338 2811 quamlibet
1356 2757 1476 2794 accusam
1490 2741 1547 2794 siue
1558 2741 1593 2793 sit
1618 2742 1727 2810 priuata.

552 2831 610 2884 siue
629 2847 693 2884 non.
713 2831 778 2884 dunt
798 2831 882 2883 modo
901 2830 983 2901 possit
1001 2830 1111 2900 probare
1130 2829 1291 2882 contrarium
1311 2846 1357 2899 per
1375 2829 1442 2882 duos
1453 2829 1545 2882 bonos.
1559 2828 1687 2900 ydoneos.
1697 2841 1723 2882 et

552 2917 689 2988 legitimos
707 2931 794 2972 testes.
814 2919 847 2972 Et
867 2935 922 2971 non
941 2919 1043 2988 possint
1062 2920 1172 2988 probare
1190 2935 1236 2988 per
1253 2919 1348 2971 socios.
1367 2916 1411 2970 uel
1430 2917 1575 2988 participes.
1605 2919 1728 2972 bannitos

554 3007 605 3077 (8).
625 3008 668 3061 uel
688 3007 797 3062 clericos
816 3007 859 3077 (8)
878 3008 922 3077 (4)
940 3009 1048 3078 quando
1067 3024 1173 3061 accussa
1196 3005 1263 3060 facta
1281 3019 1320 3060 est
1338 3023 1385 3076 per
1402 3006 1528 3060 officiales
1540 3007 1663 3062 comunis
1675 3007 1727 3077 (4).

591 3180 633 3235 ²7·
655 3165 785 3236 (XXVII.)
818 3167 887 3220 Item
914 3179 1043 3222 statutum
1062 3179 1101 3221 est
1128 3167 1200 3238 quod
1228 3167 1345 3238 quelibet
1363 3183 1476 3238 persona
1494 3183 1547 3238 que
1564 3167 1728 3222 acordauerit

552 3254 662 3325 aliquod
682 3256 801 3308 bannum
820 3255 974 3309 consulibus
992 3256 1123 3310 comunis.
1142 3268 1169 3309 et
1187 3255 1303 3309 uoluerit
1320 3256 1353 3309 de
1372 3257 1430 3326 ipso
1448 3254 1533 3309 lacere
1545 3256 1662 3328 aliquam
1674 3254 1727 3310 del·

553 3342 725 3398 seussionem.
744 3343 838 3397 debeat
858 3344 943 3414 ipsam
973 3343 1065 3398 iecisse
1076 3357 1217 3415 postquam
1230 3345 1394 3398 acordauerit
1406 3343 1474 3398 infra
1486 3362 1570 3398 vnum
1583 3362 1725 3400 menssem.
1791 3409 1801 3430 ,

553 3445 580 3486 et
597 3433 620 3485 si
639 3433 723 3503 ipsam
742 3449 799 3487 non
818 3431 908 3486 fecerit
925 3431 993 3486 infra
1014 3433 1161 3504 predictum
1180 3434 1334 3488 terminum.
1348 3451 1403 3488 non
1416 3435 1499 3504 possit
1516 3433 1633 3505 aliquam
1643 3433 1727 3488 lacem

552 3537 567 3574 a
585 3521 703 3575 termino
721 3523 839 3592 predicto
858 3523 885 3574 in
905 3534 982 3575 antea
1001 3533 1028 3574 et
1045 3523 1168 3576 consules
1186 3540 1242 3576 non
1262 3523 1364 3592 possint
1382 3539 1441 3576 eam
1461 3523 1583 3593 recipere.
1596 3535 1623 3577 et
1641 3525 1726 3578 dictus

552 3611 683 3664 terminus
701 3627 757 3664 non
776 3610 933 3664 extendatur
951 3609 1019 3664 ultra
1038 3609 1134 3664 festum
1154 3611 1236 3664 sancti
1257 3611 1363 3664 Martini
1383 3612 1433 3665 nisi
1453 3629 1499 3682 per
1516 3623 1578 3666 octo
1596 3613 1660 3666 dies

580 3841 608 3893 (r)
621 3839 680 3880 Vota
698 3839 755 3880 rm:
769 3841 851 3881 videtur
865 3841 931 3882 serius
946 3841 1011 3882 fuisse
1021 3842 1126 3896 iuscripta,
1141 3841 1202 3883 ducta
1213 3839 1286 3881 liturae
1300 3841 1364 3895 grstia
1379 3839 1456 3882 lineola
1470 3841 1508 3882 sub
1522 3854 1590 3884 voce:
1605 3841 1667 3884 Dur.

579 3911 607 3962 (a)
623 3909 771 3965 Subseqoeotie
786 3925 831 3967 esp.
844 3911 906 3954 serbe
919 3915 1022 3968 posterius
1036 3914 1111 3969 scripta
1124 3923 1180 3954 aaut.

581 3980 609 4032 (4)
625 3980 737 4021 namn
751 3981 817 4023 loma
831 3984 893 4024 etiem
907 3985 1008 4025 recentior
1020 3985 1108 4025 videtur.

580 4050 608 4102 (4)
626 4051 653 4102 (4)
668 4061 688 4090 et
705 4052 732 4104 (5)
749 4053 777 4105 (5)
792 4053 867 4094 Addita
880 4054 930 4096 beee
943 4057 1047 4109 posterius
1063 4066 1119 4097 suot.

579 4121 607 4172 (6)
622 4119 687 4161 ldolta
700 4122 749 4164 haee
764 4122 801 4163 lib.
815 4123 842 4175 X,
857 4125 909 4166 elios
920 4136 979 4166 antu
993 4136 1080 4167 mantne
1094 4126 1150 4178 loeo,
1164 4137 1185 4168 et
1199 4128 1307 4168 mentiosi
1321 4127 1424 4169 literam
1439 4128 1504 4170 forms
1518 4139 1597 4170 nanta
1610 4139 1649 4171 eet.
1661 4127 1726 4171 Verba

551 4189 623 4232 abrasa
636 4191 722 4234 moltero
735 4193 837 4236 aelidem
851 4194 889 4236 Lx
901 4198 1011 4251 exprimere
1025 4197 1152 4240 videbantur.

579 4261 607 4314 (7)
622 4261 687 4303 uelo
700 4263 750 4305 baec
763 4267 875 4320 posterius,
889 4277 909 4308 et
923 4268 976 4309 elius
990 4267 1073 4309 ebresee
1086 4268 1135 4310 loeo
1149 4269 1246 4324 inscripta
1259 4279 1299 4312 eet.

581 4331 609 4387 (8)
623 4329 721 4387 Superius
735 4335 832 4390 scriptum
846 4347 893 4378 est:
912 4335 978 4379 Vocet.
