3926 5542
516 518 566 576 206

514 641 622 714 singulo
640 643 759 714 ipsorum
771 643 945 700 seruientium
956 645 985 699 in
996 645 1119 700 manibus
1132 647 1274 702 consulum
1288 657 1353 702 tunc
1363 645 1534 700 mistmtim
1545 645 1609 702 dicti
1620 645 1681 702 col-

515 732 577 802 iegij
597 733 630 785 ad
648 749 754 786 causam
773 749 910 788 cereorum
928 733 1078 789 fiendorum
1096 735 1125 788 in
1143 733 1211 790 sesto
1229 735 1374 789 natiuitatis
1392 734 1496 788 domini
1523 734 1607 790 nostri
1624 721 1682 807 ᾗ

514 807 569 890 ῐρῖ
586 821 620 874 Et
636 819 720 874 corcie
736 818 871 876 offerende
888 821 917 875 in
935 821 1002 876 iero
1019 823 1103 878 sancd
1131 821 1254 893 stephani
1282 822 1406 892 deinceps
1432 835 1460 877 ct
1485 823 1682 893 imperpemum

515 907 627 980 siugulis
644 909 729 962 annis
747 908 781 962 Et
798 908 851 962 hoc
869 925 915 979 per
935 921 997 964 octo
1014 910 1071 964 dies
1089 921 1151 964 ante
1169 909 1266 965 lesbum
1294 909 1439 964 natiuitatis
1467 909 1572 964 domini
1598 911 1682 966 nostri

515 983 571 1068 §iu
581 983 633 1068 ῑρτ
652 997 804 1050 sanmuro
831 997 859 1051 n
887 995 954 1052 seco
981 997 1185 1067 parnassus
1213 999 1288 1052 sate
1316 997 1399 1052 mane
1425 997 1536 1068 virgins
1561 998 1683 1068 proxime

515 1096 627 1138 venturo
645 1096 672 1138 et
689 1083 808 1139 finiendo
826 1085 922 1139 eodem
940 1101 1012 1140 anno
1030 1085 1072 1138 vel
1090 1085 1155 1140 alias
1172 1086 1346 1141 concordasse
1357 1101 1420 1139 cum
1432 1085 1509 1139 dictis
1520 1085 1682 1140 consulibus.

515 1172 549 1225 Et
566 1172 618 1227 hoc
636 1173 684 1225 sub
703 1189 771 1241 pena
789 1171 862 1242 dupli
880 1189 926 1243 per
943 1172 1089 1242 quemlibet
1107 1172 1339 1228 contraiscierrtem
1367 1173 1531 1227 comittenda
1558 1171 1593 1226 Et
1610 1173 1682 1230 dicto

515 1259 630 1329 collegio
647 1259 809 1330 applicanda
828 1260 853 1313 A
871 1261 967 1330 quibus
985 1259 1198 1314 Reiiormacioue
1226 1259 1365 1314 solucione
1383 1271 1410 1314 et
1428 1277 1497 1330 pena
1525 1275 1581 1316 nou
1599 1261 1683 1331 possit

515 1347 647 1418 quispiam
664 1346 784 1416 ipsorum
801 1347 966 1401 notariorum
984 1348 1149 1402 seruientum
1176 1345 1310 1418 appellare
1335 1365 1382 1402 seu
1409 1365 1554 1418 prouomre
1582 1349 1616 1402 Et
1632 1349 1683 1402 sub

515 1451 583 1504 pena
601 1435 760 1505 priuationis
777 1434 882 1506 collegii
903 1447 929 1488 et
946 1435 1199 1490 Emolumentorum
1217 1447 1244 1488 et
1262 1435 1486 1490 honorandorum
1499 1435 1563 1490 dicti
1575 1435 1680 1506 collegii

515 1523 549 1576 Et
566 1521 618 1576 hoc
636 1522 670 1576 sit
687 1538 735 1592 pro
753 1533 845 1576 uonca
862 1533 889 1576 et
906 1523 1018 1594 precissa
1036 1521 1256 1576 Rcfformacione.
1276 1523 1318 1576 De
1336 1522 1432 1593 quibus
1449 1509 1577 1577 omnibus
1596 1539 1683 1593 supra·

515 1609 617 1678 scriptis
634 1621 786 1678 preceptum
804 1607 854 1662 fuit
871 1609 955 1663 michi
973 1610 1078 1663 notario
1105 1611 1260 1680 subsignata
1294 1608 1350 1663 fieri
1378 1623 1404 1662 et
1432 1611 1517 1664 traddi
1546 1609 1683 1680 publicum

515 1697 723 1750 instrumentum
741 1707 871 1766 quatenus
888 1697 1009 1768 expediat
1027 1697 1190 1766 presentibus
1218 1697 1320 1750 ibidem
1348 1697 1501 1768 Augustino
1531 1697 1639 1752 biseclto
1657 1709 1684 1752 et

516 1783 644 1838 murno
662 1783 788 1838 cloaterio
806 1785 840 1838 de
857 1785 963 1857 bugella
980 1785 1111 1840 ambobus
1128 1785 1239 1838 testibus
1258 1784 1291 1838 ad
1310 1784 1436 1854 premissa
1454 1783 1553 1840 vocetis
1565 1797 1592 1840 et
1609 1801 1684 1856 ruga·

516 1872 558 1936 tis,
583 1871 684 1926 Datum
703 1883 733 1925 ut
749 1887 835 1942 suprn

552 2031 611 2102 Ego
630 2029 784 2084 Anthonius
802 2029 971 2101 Thollegnus
988 2031 1022 2085 de
1040 2031 1145 2101 bugella
1163 2031 1284 2102 publicus
1302 2031 1432 2102 impmitli
1452 2031 1608 2086 auctoritate
1626 2049 1679 2086 no·

517 2119 597 2173 tarius
615 2120 768 2190 juratusque
785 2119 918 2172 curiarum
936 2119 1107 2173 illustrissimi
1127 2119 1230 2173 domini
1249 2119 1354 2173 domini
1382 2119 1465 2173 nostri
1491 2121 1617 2174 sabsudie
1634 2131 1684 2174 ets.

517 2207 645 2288 Dude
663 2207 696 2260 de
714 2205 828 2277 collegio
846 2206 1022 2260 notarion'um
1041 2205 1151 2276 bugelle
1169 2223 1199 2260 ac
1217 2207 1336 2260 notanus
1345 2206 1464 2261 eiusdem
1477 2207 1583 2280 collegii
1597 2225 1684 2279 supra·

517 2296 611 2366 scripta
630 2293 807 2348 Reffonuacio
825 2294 907 2348 michi
926 2293 982 2348 fieri
1001 2296 1070 2364 jussa
1088 2295 1174 2365 recepi
1192 2294 1282 2365 scripsi
1300 2307 1327 2348 et
1345 2311 1390 2349 me
1404 2295 1543 2366 subscripsi
1562 2311 1616 2350 una
1632 2312 1683 2367 ap-

518 2383 655 2452 positione
672 2381 743 2436 soliti
762 2382 831 2451 signi
850 2397 914 2453 mey
932 2381 1118 2436 tabellionatus
1136 2383 1165 2436 in
1184 2381 1265 2436 iidem
1284 2383 1480 2452 premissorum

553 2573 597 2628 45.
615 2557 650 2612 Iu
668 2555 780 2610 nomine
797 2557 901 2611 domini
920 2557 1002 2611 uostri
1014 2557 1090 2628 jeshu
1100 2544 1242 2629 {piamen
1255 2559 1337 2612 Anno
1346 2557 1490 2612 natiuitatis
1500 2559 1620 2614 eiusdem
1630 2575 1686 2614 cur·

519 2659 594 2700 rente
612 2645 755 2700 millesimo
773 2645 989 2715 quingentesimo
1007 2645 1144 2716 trigesimo
1162 2658 1257 2717 quarto
1274 2646 1410 2700 inditione
1428 2646 1548 2717 septima,
1561 2647 1605 2701 die
1622 2665 1685 2702 veto

520 2735 677 2792 duodecima
696 2733 795 2786 mensis
818 2733 965 2788 decembris
992 2734 1149 2788 Conuocato
1177 2733 1290 2804 enegio,
1320 2733 1493 2788 dominorum
1521 2734 1685 2790 notariorum

520 2823 624 2892 collegij
645 2821 750 2892 bugelle
767 2839 845 2890 super
862 2822 964 2892 palacio
983 2823 1105 2876 comunis
1123 2821 1243 2874 eiusdem
1262 2821 1314 2874 loci
1326 2833 1354 2874 vt
1368 2821 1450 2875 moris
1462 2833 1501 2875 est
1513 2823 1547 2876 de
1559 2823 1686 2876 mandato

519 2910 654 2980 magnifici
674 2910 777 2963 domini
795 2909 905 2963 Gerardi
923 2909 1012 2963 scallie
1030 2911 1063 2963 de
1082 2908 1187 2979 bugella
1205 2920 1294 2962 sancte
1311 2921 1388 2978 agate
1402 2909 1530 2980 capitanei
1544 2921 1571 2964 et
1582 2909 1685 2963 domini

520 2999 627 3052 Andree
645 2999 678 3052 de
696 2997 808 3050 Villanis
826 2996 860 3050 de
878 2997 984 3068 bugella
1001 2995 1142 3051 consulum
1160 2995 1242 3066 ipsius
1261 2995 1386 3068 Collegij.
1405 2997 1436 3050 ln
1454 3013 1509 3068 quo
1523 2998 1632 3068 quidem
1645 3015 1687 3052 co·

521 3087 592 3158 legio
610 3085 785 3140 interfuerunt
811 3086 860 3156 ipsi
888 3085 991 3139 domini
1019 3083 1141 3138 consules
1170 3085 1283 3138 Nomou
1310 3083 1468 3155 Magnificus
1494 3085 1621 3140 dominus
1647 3085 1686 3140 lo.

519 3191 613 3248 gaspur
631 3176 664 3229 de
683 3173 832 3228 bertudnnis
864 3173 963 3227 Comes
993 3171 1124 3242 palatinus
1154 3171 1254 3242 tolegnj
1283 3171 1463 3226 condominus
1480 3172 1643 3244 Nobilesque
1661 3185 1688 3227 et

519 3263 618 3336 egregij
649 3263 814 3334 Augustinus
833 3262 866 3314 de
884 3259 1005 3331 ferrariis,
1016 3261 1178 3314 sebastianus
1195 3260 1229 3313 de
1245 3259 1360 3324 illimis,
1380 3261 1536 3316 Anthonius
1554 3277 1687 3326 aramue,

521 3353 652 3425 Georgius
670 3351 704 3404 de
722 3350 815 3414 Turre,
835 3349 927 3402 Petrus
945 3350 979 3403 de
996 3348 1123 3413 roxolate,
1142 3346 1319 3402 Hieronimus
1337 3346 1411 3412 lecit,
1430 3347 1573 3402 nanciscus
1590 3350 1687 3419 tarditj,

520 3453 546 3494 et
563 3440 658 3494 Nicola
675 3440 710 3492 de
727 3439 822 3508 quinto
841 3437 964 3490 iacientes
982 3449 1008 3490 et
1026 3448 1233 3506 representamus
1251 3434 1322 3489 vitm
1340 3437 1405 3489 duss
1431 3449 1517 3506 partes
1543 3453 1576 3490 ex
1605 3437 1688 3492 tribus

519 3528 636 3598 pertibus
654 3526 716 3580 dicti
734 3524 829 3595 collegi
849 3540 997 3594 omnesque
1013 3524 1153 3576 unanimes
1171 3535 1197 3576 et
1215 3523 1368 3588 concordes,
1386 3535 1413 3576 et
1431 3525 1550 3594 ipsorum
1579 3525 1688 3580 neruine

520 3616 690 3685 discrepante,
709 3614 764 3683 ipsi
782 3612 913 3683 siquidem
932 3613 1035 3666 domini
1053 3624 1176 3682 utsupra
1200 3613 1340 3666 conuocati
1369 3623 1396 3666 et
1413 3613 1567 3684 congregati
1584 3613 1687 3667 Ibidem

519 3705 710 3758 ordiuuuerunt
727 3713 754 3754 et
771 3711 918 3754 statuerunt
936 3701 964 3752 in
983 3701 1009 3752 vi
1027 3700 1117 3756 statuti
1135 3700 1207 3770 quod
1226 3699 1331 3771 inipso
1350 3699 1455 3772 coiegio
1472 3701 1645 3754 admittuntur
1662 3713 1690 3755 et

520 3791 626 3846 fuerunt
644 3788 750 3842 admissi
769 3786 925 3857 infrascripti
943 3787 1030 3841 ellecti
1048 3805 1094 3859 per
1112 3785 1245 3841 Dominus
1272 3787 1390 3841 notarios
1416 3787 1499 3857 ipsius
1531 3787 1636 3858 collegi.
1655 3788 1689 3841 Et

520 3879 607 3949 primo
625 3876 723 3931 nobilis
741 3875 882 3929 franciscus
901 3874 970 3928 filius
990 3873 1080 3945 prelati
1099 3875 1203 3928 domini
1223 3875 1330 3928 Andree
1342 3875 1376 3928 de
1395 3875 1427 3927 Vi
1434 3873 1510 3928 llanis
1529 3891 1575 3944 per
1587 3875 1689 3930 dietum

521 3967 672 4020 Dominum
690 3965 825 4019 Audrmm
844 3963 901 4016 eius
919 3975 1028 4034 patrem,
1039 3961 1241 4017 nobilissimae
1259 3961 1355 4016 Scallia
1373 3979 1420 4032 per
1438 3961 1568 4032 prefatum
1587 3963 1689 4034 magni-

520 4054 602 4108 ficum
611 4053 753 4108 domiuum
763 4051 910 4106 Gerardum
920 4051 1046 4114 scaldiam,
1055 4049 1161 4104 Nobilis
1170 4048 1332 4104 Gullielmus
1342 4047 1412 4104 filius
1424 4049 1522 4103 nobilis
1536 4049 1690 4122 hieronymi

522 4141 587 4194 secie
605 4157 651 4210 per
669 4139 769 4192 dictum
788 4138 909 4192 nobilem
928 4137 1118 4209 hieronymum
1137 4137 1195 4191 eius
1207 4149 1316 4207 putrem
1325 4136 1429 4190 Nobilis
1441 4137 1608 4208 Augustinus
1619 4136 1690 4191 filius

524 4227 629 4282 Nobilis
647 4227 785 4296 sebastiani
807 4227 840 4279 de
858 4225 971 4278 Villanis
990 4243 1035 4295 per
1052 4226 1169 4278 eundem
1186 4225 1305 4279 nobilem
1323 4224 1501 4278 sebastianum
1511 4225 1567 4278 eius
1580 4235 1690 4296 putrem,

524 4314 627 4369 Nobilis
640 4315 806 4386 Augustinus
817 4313 887 4366 filius
899 4313 996 4366 nobilis
1008 4312 1109 4385 georgii
1124 4313 1157 4366 de
1168 4323 1240 4365 turre
1248 4329 1294 4382 per
1305 4311 1406 4366 dictum
1418 4309 1538 4366 nobilem
1549 4312 1691 4384 georgium
