3958 5540
1394 538 1442 594 ¹²3

281 668 330 716 11.
354 645 587 716 Sacramentale
610 644 816 713 collacteralis
840 647 908 712 siue
932 644 1043 714 militis
1066 644 1191 713 domini
1213 647 1392 733 potestatis.

315 752 373 807 Uos
390 752 501 808 domine
518 751 595 805 miles
618 751 742 821 Jurabitis
768 752 801 804 ad
829 764 918 806 sancta
944 751 988 804 dei
1014 751 1153 821 euangelia
1182 752 1352 821 corporaliter
1369 753 1445 806 tactis

277 841 410 912 scripturis
427 841 512 908 Quod
530 839 644 910 queretis
660 839 802 908 diligenter
818 840 847 892 in
865 850 933 892 terra
951 837 1061 908 Bugelte
1078 855 1174 892 omnes
1185 840 1331 894 uendentes
1349 841 1444 894 uinum

277 929 310 982 ad
329 929 464 984 minutum
482 945 512 982 ac
529 926 735 998 comprobabitis
753 927 773 979 si
793 943 917 980 mensure
936 926 969 980 ad
987 942 1053 996 quas
1067 927 1163 980 uinum
1177 927 1297 980 uendunt
1309 939 1371 981 sunt
1383 944 1445 982 con-

276 1014 374 1070 iorrnes
392 1033 515 1069 mensure
532 1015 655 1069 comunis
675 1013 779 1083 bugelle
797 1026 823 1067 et
841 1015 863 1066 si
882 1015 950 1083 ipsas
964 1014 1008 1066 uel
1021 1013 1138 1084 aliquam
1159 1015 1275 1082 ipsarum
1289 1015 1445 1085 reperieritis

278 1103 333 1157 lore
351 1103 441 1157 minus
460 1103 577 1167 idoneas,
595 1103 650 1172 ipsa
668 1113 817 1172 presentare
835 1101 956 1155 Domino
975 1101 1097 1171 potestati
1117 1113 1144 1154 ct
1163 1101 1288 1154 Clauario
1307 1115 1334 1156 et
1351 1119 1445 1157 oonsu·

279 1192 347 1246 libus
364 1202 391 1245 et
408 1207 452 1244 eas
469 1191 590 1244 comburi
609 1189 708 1242 iacietis
725 1189 754 1242 in
772 1190 816 1257 (t)
833 1188 938 1259 plathea
957 1189 1000 1258 (r)
1018 1187 1094 1260 piacij
1116 1187 1262 1259 bugelleet
1279 1203 1326 1244 eos
1344 1203 1445 1246 contra-

206 1284 209 1292 *
279 1279 403 1333 iacientes
420 1279 508 1348 puniri
535 1277 658 1332 curabitis
680 1276 754 1346 Justa
784 1274 900 1330 formam
919 1288 1078 1330 statutorum
1096 1276 1159 1330 dicti
1178 1279 1301 1331 comunis
1318 1279 1376 1332 siue
1393 1280 1443 1334 de-

278 1367 462 1421 liberationem
480 1365 629 1437 sapientum
656 1363 719 1418 dicti
746 1364 871 1418 comunis
898 1363 1085 1435 eligendorum
1113 1376 1142 1419 ut
1159 1381 1245 1436 supra.
1272 1365 1306 1419 Et
1323 1367 1446 1421 sinriliter

278 1454 422 1509 teneamini
440 1453 558 1507 maxime
574 1451 687 1522 singulis
704 1452 796 1506 diebus
814 1451 923 1506 mereari
942 1467 1052 1522 querere
1071 1467 1167 1506 omnes
1185 1463 1211 1505 et
1229 1452 1350 1524 singulos
1373 1471 1443 1508 uen-

278 1543 370 1598 dentes
387 1559 478 1596 carnes
496 1553 522 1595 et
539 1556 646 1595 caseum
673 1539 713 1594 Ac
743 1551 926 1594 mensurantes
954 1555 1073 1610 pannum
1101 1551 1128 1594 et
1145 1540 1218 1594 telas
1236 1540 1310 1594 Etsi
1329 1541 1443 1596 inuene-

279 1631 335 1684 ritis
353 1629 469 1700 aliquem
488 1627 558 1682 male
576 1639 775 1681 mensurantem
794 1626 836 1682 uel
855 1627 1047 1698 ponderantem
1066 1644 1112 1681 seu
1140 1627 1293 1692 habentem,
1320 1641 1444 1684 stateram

279 1734 384 1790 passum
403 1729 430 1771 et
447 1716 527 1770 aliam
546 1731 699 1770 mensuram
717 1729 774 1768 non
791 1715 910 1786 signatos
928 1715 1007 1786 signo
1025 1715 1148 1768 comunis
1167 1715 1273 1786 bugelle
1291 1715 1363 1770 illius
1380 1718 1444 1770 anni

281 1807 352 1876 ipsos
378 1803 595 1858 contrafacientes
622 1803 686 1873 poni
714 1801 813 1856 iaciens
839 1803 868 1855 in
896 1801 964 1855 libro
991 1802 1053 1856 dicti
1080 1803 1222 1868 comunis;
1249 1803 1283 1856 Et
1313 1821 1359 1857 eos
1376 1805 1444 1858 iusta

281 1905 375 1946 statuta
393 1905 420 1946 et
446 1891 627 1944 ordinationes
654 1890 717 1944 dicti
744 1889 868 1944 comunis
894 1902 941 1942 aut
967 1890 1116 1958 sapientum
1136 1890 1169 1943 ad
1187 1890 1239 1944 hoc
1257 1891 1444 1961 eligendorum

280 1993 404 2050 utsupra
423 1979 510 2050 puniri
528 1977 652 2032 curabitis
670 1991 697 2032 et
715 1978 783 2031 ultra
801 1977 853 2030 hoc
871 1976 956 2030 iacere
974 1989 1053 2048 prout
1070 1994 1148 2048 supra
1166 1979 1208 2032 De
1226 1979 1295 2048 Aliis
1314 1981 1445 2034 mensuris

279 2068 385 2122 mencio
403 2067 441 2130 fit,
466 2067 611 2120 teneamini
637 2065 718 2120 etiam
749 2065 825 2119 omni
853 2081 912 2119 sero
938 2065 1075 2136 Inquirere
1101 2067 1223 2120 custodes
1250 2068 1283 2120 ad
1311 2067 1449 2136 plathmm'

279 2156 354 2227 placij
374 2167 400 2209 et
418 2156 446 2208 in
465 2153 546 2225 plano
563 2154 651 2208 saltim
678 2166 718 2208 ter
735 2153 764 2206 in
790 2153 921 2207 edomada
948 2169 998 2206 nec
1024 2169 1081 2206 non
1108 2155 1230 2208 custodes
1257 2167 1393 2225 portarum
1412 2157 1446 2210 de

278 2243 329 2308 die,
348 2255 374 2298 et
391 2241 543 2296 deficientes
560 2242 625 2312 poni
644 2241 743 2295 iacietis
760 2241 789 2294 in
808 2241 876 2294 libro
905 2242 1054 2294 bannorum
1082 2241 1145 2295 dicti
1164 2242 1295 2296 comunis
1314 2243 1347 2296 Et
1365 2244 1443 2297 sinn-

279 2331 339 2386 iiter
356 2333 477 2386 ludentes
495 2332 528 2384 ad
546 2330 640 2384 ludum
657 2330 743 2384 aaardi
762 2341 789 2382 et
806 2330 839 2382 ad
866 2317 1067 2400 quamqumq'ue
1093 2329 1187 2384 ludum
1215 2331 1361 2400 proibitum
1378 2347 1444 2386 acu-

278 2421 368 2474 sabitis
385 2433 412 2474 et
430 2420 458 2473 in
477 2419 545 2473 libro
562 2419 685 2472 comunis
703 2417 814 2472 describi
833 2416 933 2471 iacietis
950 2429 977 2471 et
995 2419 1201 2472 manutenebitis
1219 2419 1336 2473 horrores
1348 2431 1374 2473 et
1388 2421 1445 2474 iura

280 2507 412 2562 dictorum
430 2507 553 2562 oomunis
570 2518 597 2560 et
615 2506 759 2560 hominum
777 2505 905 2576 Bugelle;
924 2506 966 2576 (2)
986 2505 1124 2560 licenciam
1152 2506 1260 2560 ludendi
1290 2507 1369 2562 alicui
1388 2525 1443 2562 non

279 2595 373 2648 dabitis
385 2611 435 2648 nec
452 2595 508 2648 dari
526 2594 667 2666 patiemini
685 2606 740 2648 tam
759 2593 786 2648 in
806 2605 873 2648 terra
892 2593 1002 2664 liugelle
1020 2611 1100 2665 quam
1113 2595 1170 2648 eius
1184 2595 1383 2659 mandamento,
1393 2613 1443 2650 nec

282 2684 311 2736 in
329 2683 430 2736 eisdem
448 2681 504 2736 ludi
523 2679 630 2735 iacietis
650 2681 692 2752 (2)

315 2770 351 2824 lit
365 2770 458 2824 omnia
476 2781 503 2824 et
519 2769 625 2840 singula
642 2770 676 2822 ad
694 2781 812 2824 uestrum
830 2768 950 2824 officium
967 2772 1114 2840 spectancia
1133 2771 1200 2824 bene
1227 2782 1254 2824 et
1272 2769 1384 2824 fideliter
1402 2769 1443 2826 ia·

281 2857 355 2912 cietis
372 2871 399 2912 et
416 2857 570 2912 exercebitis
587 2857 651 2912 odio
669 2869 696 2911 et
713 2873 805 2912 amore
822 2874 853 2912 ae
870 2857 925 2912 alio
940 2875 1110 2930 quocumque
1130 2859 1273 2913 inhonesto
1291 2859 1409 2914 sublatis

284 3051 333 3102 12.
356 3031 598 3101 Sacramentum
621 3033 769 3100 omnium
793 3029 988 3100 famulomm
1011 3031 1134 3100 domini
1156 3033 1335 3120 potestatis.

316 3139 373 3194 Vos
390 3139 508 3192 iurabitis
526 3138 559 3193 ad
577 3149 667 3192 sancta
685 3137 728 3191 dei
745 3137 885 3208 euangelia
911 3137 1081 3208 corporaliter
1107 3137 1182 3191 taeda
1201 3139 1342 3208 scripturis.
1362 3139 1445 3201 Quod

281 3227 395 3299 queretis
412 3226 500 3281 saltim
519 3242 588 3280 unus
607 3237 725 3280 uestrum
743 3225 819 3279 omni
837 3225 881 3278 die
898 3241 994 3280 omnes
1011 3237 1099 3295 portas
1117 3225 1193 3296 placij
1213 3237 1239 3279 et
1252 3225 1322 3296 plani
1336 3226 1446 3296 uugetle

250 3314 255 3322 '
282 3326 309 3368 et
327 3314 480 3369 accusabitis
498 3329 593 3368 omnes
619 3325 675 3368 tam
693 3314 727 3367 de
753 3313 796 3367 die
814 3329 895 3384 quam
923 3313 957 3366 de
974 3323 1053 3366 nocte
1080 3327 1136 3366 non
1163 3311 1288 3366 iacientes
1314 3314 1446 3368 custodias

284 3403 399 3473 ipsarum
417 3402 564 3456 secundum
583 3401 763 3455 ordinationes
781 3413 807 3454 et
825 3400 1030 3454 consuetudines
1048 3399 1171 3454 comunis
1189 3399 1303 3470 bugella
1322 3400 1355 3455 Et
1373 3402 1445 3472 quod

283 3489 424 3560 diligenter
442 3487 555 3560 quereris
574 3488 694 3542 ludentes
713 3488 746 3542 ad
765 3489 881 3560 aliquem
900 3487 994 3542 ludum
1013 3489 1125 3542 uetitum
1145 3499 1236 3541 contra
1255 3499 1350 3542 statuta
1368 3499 1394 3541 et
1406 3504 1446 3540 or·

280 3577 430 3630 dimdones
448 3575 510 3630 dicti
529 3575 652 3630 comunis
670 3587 697 3628 et
714 3591 761 3628 eos
779 3575 933 3630 accusabitis
950 3587 977 3630 et
995 3575 1072 3629 scribi
1090 3587 1117 3628 et
1135 3575 1199 3646 poni
1218 3573 1318 3628 iacietis
1330 3575 1358 3627 in
1377 3574 1445 3627 libro

281 3665 431 3718 bannorum
448 3663 511 3718 dicti
529 3664 660 3718 comunis
680 3663 757 3718 Ludo
775 3664 860 3718 erardi
879 3663 922 3718 uel
940 3663 994 3718 alio
1012 3663 1146 3734 prohibito
1165 3677 1221 3716 non
1234 3662 1329 3716 luderis
1341 3663 1384 3732 (3)
1397 3677 1446 3716 nec

282 3751 338 3806 ludi
357 3749 456 3806 noem
474 3767 523 3806 nec
541 3752 626 3806 edam
645 3751 801 3822 permittens
819 3763 846 3806 et
864 3751 966 3805 nemini
985 3750 1119 3806 licentiam
1146 3750 1257 3804 ludendi
1284 3750 1378 3804 dabitis
1396 3765 1446 3804 nec

280 3839 336 3894 dari
355 3839 529 3894 oonsmcietis
547 3841 590 3910 (3)
609 3839 705 3894 tributa
723 3839 811 3910 aliqua
829 3855 885 3893 non
904 3838 1042 3909 recipietis.
1060 3839 1103 3909 (4)
1122 3838 1293 3910 licentiaque
1310 3849 1337 3892 et
1355 3853 1446 3892 neco·

280 3927 367 3982 tiones
386 3925 481 3982 satietis
499 3939 526 3981 et
543 3928 693 3982 camdeni
711 3925 905 3981 demandabitis
922 3927 1069 3980 secundum
1089 3941 1181 3980 uram
1192 3925 1311 3980 debitum
1324 3937 1445 3980 tenorem

281 4027 307 4070 et
325 4013 439 4070 fornum
467 4014 535 4070 inira
561 4016 604 4070 die
632 4015 665 4070 ll.
693 4027 752 4086 post
779 4014 968 4068 comissionem
995 4013 1071 4068 vobis
1089 4011 1184 4066 laetam
1202 4025 1229 4067 et
1252 4013 1325 4066 iuxta
1342 4013 1447 4068 defleta

280 4103 450 4159 dominicalia
469 4103 575 4176 bugelle
592 4115 618 4158 et
636 4103 717 4158 totius
735 4101 917 4157 mandamenti
944 4113 970 4155 et
997 4116 1053 4155 non
1081 4099 1157 4154 aliter
1179 4099 1330 4155 soluciones
1348 4113 1446 4156 vestras

306 4279 337 4331 (q
351 4279 446 4330 artemo
459 4279 568 4334 μω.

308 4351 336 4406 l²l
350 4351 390 4404 ui·
407 4351 434 4402 (a)
451 4350 480 4402 (tt
494 4361 514 4392 κ
529 4351 557 4404 (a)
574 4353 602 4404 tal
618 4347 683 4392 ves·
696 4349 798 4405 matris·
813 4347 889 4390 udu-
