3926 5542
526 443 574 496 186

519 565 646 718 '38h12e
669 587 750 652 pena
774 566 967 632 semitutum
989 560 1233 632 comittencium
1267 564 1412 633 fraudem
1434 567 1468 632 in
1492 587 1605 633 eorum
1627 566 1685 633 ol-

587 671 643 718 tio.

554 759 622 812 ltem
640 771 767 813 statutum
785 760 914 831 estquod
933 760 1068 831 sialiquis
1095 759 1207 812 seruitor
1234 759 1305 812 curie
1323 759 1433 830 Bugella
1462 759 1551 815 lecerit
1568 761 1686 832 aliquam

519 845 611 900 salsam
629 861 772 918 protectam
791 849 847 902 siue
866 847 1022 902 relationem
1043 847 1085 902 uel
1104 847 1212 917 aliquod
1231 847 1302 900 aliud
1322 846 1417 900 salsum
1436 849 1570 902 comiserit
1588 849 1617 902 in
1635 863 1685 902 suo

518 934 607 988 officio
625 937 763 990 seruitorie
781 939 927 990 exercendo
946 950 1060 1005 ponatur
1077 936 1109 988 ad
1130 935 1259 987 berliuam
1278 935 1323 987 ubi
1341 949 1392 988 stet
1405 952 1451 1004 per
1462 953 1544 989 unam
1559 937 1639 990 diem.
1653 935 1687 988 Et

519 1023 585 1076 ultra
603 1023 655 1076 hoc
674 1037 787 1093 ponatur
805 1027 854 1077 sibi
873 1041 925 1078 una
945 1041 1043 1076 corona
1063 1023 1166 1093 papirta
1183 1025 1212 1074 in
1231 1035 1317 1093 caput,
1335 1039 1416 1094 quam
1444 1025 1570 1078 continue
1597 1037 1686 1076 teneat

517 1112 612 1164 stando
630 1113 663 1165 ad
682 1113 779 1165 dictam
798 1113 927 1166 berlinam
946 1129 1008 1164 cum
1028 1103 1150 1164 manibus
1169 1123 1238 1164 retro
1257 1109 1352 1181 ligatis
1363 1111 1395 1164 Et
1413 1112 1481 1165 ultra
1492 1112 1546 1164 hoc
1559 1127 1615 1164 non
1627 1127 1686 1180 pos-

516 1199 550 1250 sit
567 1217 623 1252 esse
641 1213 767 1271 perpetuo
786 1201 897 1253 seruitor
915 1201 1038 1252 comunis
1057 1197 1174 1268 Bugelle
1192 1198 1227 1251 Et
1243 1198 1289 1252 ille
1307 1200 1353 1270 qui
1363 1197 1418 1252 fieri
1428 1199 1518 1252 iecerit
1532 1199 1617 1270 ipsam
1627 1215 1685 1268 pro·

516 1299 610 1340 testam
629 1289 685 1340 siue
704 1288 861 1341 relationem
881 1287 924 1340 uel
942 1288 1013 1340 aliud
1033 1299 1124 1340 contra
1142 1287 1243 1340 dictum
1261 1285 1381 1340 officium
1399 1287 1536 1340 seruitorie
1554 1287 1582 1339 in
1602 1287 1686 1356 preiu-

516 1375 616 1427 dicium
634 1377 745 1428 alicuius
764 1393 883 1446 persone,
904 1375 997 1429 Soluat
1025 1393 1072 1445 pro
1100 1375 1189 1428 banno
1208 1374 1286 1427 libras
1304 1375 1498 1446 quinquaginta
1517 1375 1683 1445 papiensium

428 1509 432 1516 .
516 1464 682 1534 applicandas
701 1465 819 1518 Comuni
830 1464 981 1534 BugelleEt
999 1463 1054 1533 ipsa
1073 1479 1193 1534 requesta
1205 1481 1252 1519 seu
1267 1463 1361 1518 relatio
1379 1481 1424 1516 seu
1444 1479 1581 1534 processus
1600 1463 1683 1518 lacttrs

517 1553 656 1605 occasione
675 1551 755 1621 ipsius
773 1551 840 1605 facte
858 1551 992 1606 relationis
1010 1569 1056 1604 seu
1075 1567 1195 1622 requeste
1207 1569 1263 1606 uon
1276 1551 1389 1606 ualeant.
1400 1551 1434 1604 Et
1446 1551 1528 1622 siquis
1540 1553 1685 1605 exercuerit

515 1639 635 1693 officium
653 1641 786 1694 seruitoris
805 1653 832 1694 et
849 1657 904 1694 non
923 1641 957 1693 sit
974 1641 1087 1693 seruitor
1113 1641 1237 1710 puniatur
1254 1639 1373 1694 inlibris
1401 1639 1615 1710 vigintiquinque
1633 1657 1682 1710 pa·

516 1729 656 1798 piendum,
675 1729 709 1781 Et
727 1726 794 1781 ultra
811 1728 864 1781 hoc
883 1741 997 1798 ponatur
1015 1729 1047 1782 ad
1067 1729 1196 1782 berlinam
1214 1741 1241 1782 et
1259 1729 1296 1781 ibi
1314 1739 1364 1781 stet
1383 1744 1428 1797 per
1457 1727 1530 1780 diem
1557 1743 1639 1780 unam
1657 1741 1684 1782 et

515 1816 587 1883 quod
607 1832 662 1868 non
680 1833 726 1886 per
744 1817 786 1884 (1)
805 1817 933 1870 seruitore
950 1817 1079 1870 habeatur
1096 1817 1117 1868 si
1136 1833 1192 1868 non
1220 1828 1342 1885 appetent
1369 1815 1403 1868 de
1430 1815 1487 1868 eius
1506 1813 1586 1886 officij
1606 1817 1681 1885 juta·

514 1915 607 1957 mento
626 1903 669 1956 uel
688 1905 721 1957 de
739 1906 899 1958 comissione
918 1905 967 1958 sibi
986 1903 1052 1958 facta
1071 1921 1117 1974 per
1135 1904 1317 1956 iusdicentem.

519 2063 569 2128 39.
593 2044 643 2111 De
666 2067 748 2132 pena
771 2045 848 2112 false
872 2063 1012 2112 monete.

549 2149 616 2203 ltem
634 2163 762 2203 statutum
781 2151 909 2220 estquod
928 2151 1010 2220 siquis
1029 2149 1118 2203 fecerit
1136 2167 1182 2203 seu
1201 2149 1257 2203 fieri
1270 2148 1360 2203 lecerit
1373 2149 1465 2204 falsam
1478 2162 1617 2204 monetam
1626 2165 1681 2204 non

513 2253 605 2290 auram
624 2250 669 2290 aut
687 2255 747 2290 eam
766 2238 876 2290 tunserit
894 2238 985 2290 raserit
1002 2254 1049 2290 seu
1068 2239 1220 2302 tonsauerit,
1233 2254 1286 2309 que
1296 2239 1420 2292 ascendat
1432 2255 1516 2309 usquc
1528 2238 1561 2292 ad
1580 2238 1681 2291 solidos

513 2325 680 2394 quadriginti
699 2326 873 2395 papiensium,
892 2326 925 2378 Et
943 2325 1005 2378 inde
1023 2342 1109 2394 supra,
1130 2327 1193 2396 igne
1211 2328 1388 2380 comburatur.
1416 2327 1445 2380 Si
1472 2343 1537 2380 uero
1565 2327 1598 2380 ab
1616 2325 1688 2388 inde,

514 2412 580 2466 inira
599 2413 722 2482 puniatur
740 2414 848 2466 arbitrio
866 2413 969 2466 domini
988 2415 1130 2484 potestatis,
1152 2414 1257 2484 clauarij
1278 2427 1304 2466 et
1322 2415 1471 2468 consulunt.
1490 2415 1525 2468 lit
1542 2415 1640 2468 domus
1651 2414 1679 2466 in

512 2516 564 2569 qua
583 2499 650 2552 facta
668 2500 746 2553 fuerit
764 2502 863 2554 sciente
881 2501 993 2554 domino
1011 2502 1107 2554 domus
1126 2501 1282 2572 publicetur,
1292 2501 1405 2555 Camere
1424 2501 1547 2555 comunis
1559 2499 1679 2572 Bugelle,

512 2587 533 2639 si
553 2603 617 2640 uero
635 2587 663 2639 in
676 2588 760 2642 domo
773 2589 904 2642 conducta
917 2606 962 2658 per
974 2589 1090 2658 aliquem
1104 2590 1266 2642 conductore
1283 2589 1390 2654 sciente,
1403 2589 1614 2658 condampnetur
1625 2587 1681 2656 ipse

512 2675 634 2728 conditor
652 2675 753 2728 ratione
771 2677 876 2740 domus,
895 2677 1044 2729 inestimate
1063 2677 1166 2740 domus,
1195 2677 1323 2730 soluande
1350 2677 1459 2729 comuni
1487 2674 1605 2746 Bugelle
1624 2674 1681 2737 Qui

512 2778 576 2814 uero
595 2763 775 2832 expendiderit
794 2763 885 2816 salsam
905 2777 1041 2817 monetam
1060 2766 1171 2818 scienter
1189 2782 1273 2836 usque
1287 2766 1318 2817 ad
1332 2763 1410 2817 libras
1430 2765 1558 2817 decernet
1572 2763 1680 2816 abinde

512 2867 597 2920 supra,
616 2850 836 2921 Condampnetur
854 2869 901 2922 pro
919 2853 1036 2923 qualibet
1055 2853 1113 2906 uice
1131 2854 1159 2905 in
1178 2853 1251 2906 libris
1269 2853 1462 2924 quinquaginta
1474 2853 1640 2922 papiensium
1651 2861 1679 2904 et

511 2940 539 2992 in
559 2940 702 2993 amissione
720 2941 789 2994 dicte
808 2942 933 3011 peccunie
951 2941 1113 3011 applicandis
1142 2942 1261 2996 Comuui
1289 2941 1407 3012 Bugelle‚
1435 2942 1468 2995 Et
1486 2941 1554 2994 ultra
1572 2938 1681 2994 arbitrio

513 3028 685 3081 dominorum
704 3030 848 3098 potestatis,
867 3029 982 3099 Clanarij
1002 3041 1029 3082 et
1047 3029 1188 3082 consulum
1207 3031 1322 3098 inspecta
1336 3028 1462 3099 qualitate
1474 3045 1586 3098 persone
1599 3040 1625 3081 et
1638 3028 1681 3081 de

510 3116 572 3169 licti.
583 3117 611 3170 Si
624 3133 689 3170 uero
701 3135 716 3170 a
729 3117 801 3171 libris
819 3118 911 3172 decern
929 3117 997 3171 inira
1015 3119 1226 3186 condampnetur
1243 3117 1351 3170 arbitrio
1361 3118 1493 3170 dictorum
1507 3115 1679 3170 dominomm

513 3207 648 3274 potestatis
666 3206 780 3277 Clauatij
801 3218 827 3259 et
841 3207 990 3260 consulum.
1004 3207 1032 3259 Si
1046 3223 1110 3259 uero
1123 3206 1244 3259 habuerit
1256 3222 1340 3275 usque
1351 3206 1384 3258 ad
1396 3206 1494 3258 dictam
1505 3204 1681 3275 quantitatem

512 3305 538 3347 et
556 3310 611 3347 non
630 3295 810 3365 expendiderit
829 3296 1040 3365 condampnetur
1057 3295 1085 3347 in
1104 3295 1249 3348 amissione
1267 3294 1336 3348 dicte
1354 3307 1471 3357 monete,
1490 3293 1524 3346 Et
1542 3291 1610 3345 ultra
1628 3292 1682 3345 hoc

514 3381 725 3451 condampnetur
742 3382 773 3434 In
792 3382 865 3435 libris
884 3383 1098 3453 vigintiquinque
1116 3382 1290 3453 papiensium.
1310 3381 1392 3444 Quod
1410 3393 1538 3434 statutum
1551 3397 1607 3433 non
1619 3395 1681 3432 uen-

514 3468 583 3520 dicet
601 3469 649 3522 sibi
669 3469 759 3522 locum
779 3470 806 3523 in
825 3471 972 3524 minoribus
991 3471 1172 3541 quatordecim
1191 3471 1275 3522 annis.

508 3665 561 3732 40.
585 3645 635 3712 De
656 3667 739 3733 pena
763 3645 958 3713 comittentis
982 3647 1141 3733 priuatum
1165 3667 1332 3713 carcerem.

543 3751 611 3805 ltem
629 3763 757 3806 statutum
775 3764 814 3805 est
833 3752 904 3824 quod
923 3752 945 3805 si
963 3752 1022 3823 quis
1040 3751 1171 3805 uiolanter
1189 3750 1285 3821 ceperit
1303 3750 1420 3822 aliquem
1438 3763 1484 3804 aut
1502 3749 1616 3803 tenuerit
1634 3749 1672 3803 in·

508 3839 611 3892 clusum
629 3841 752 3894 manibus
771 3840 857 3910 ligatis
876 3839 919 3894 uel
937 3841 991 3894 alio
1010 3841 1092 3893 modo
1111 3853 1202 3892 contra
1220 3839 1387 3893 uoluntatem
1406 3839 1538 3910 propriam
1557 3850 1583 3891 et
1602 3837 1678 3890 liber-

508 3939 589 3980 tatem
607 3929 674 3981 ultra
692 3927 787 3998 viginti
806 3929 885 3981 horas
903 3927 987 3998 capite
1006 3927 1136 3998 puniatur.
1156 3928 1189 3980 Et
1209 3927 1260 3980 hoc
1273 3944 1328 3980 non
1342 3926 1505 3996 intelligatur
1517 3926 1550 3978 de
1562 3925 1678 3995 patribus

506 4016 657 4068 tenentibus
676 4015 744 4068 filios
763 4029 789 4068 et
802 4015 903 4068 maritis
915 4016 1067 4069 tenentibus
1080 4031 1175 4067 uxores
1188 4015 1231 4067 uel
1244 4016 1272 4066 in
1287 4015 1377 4086 aliquo
1390 4014 1435 4084 qui
1449 4014 1549 4066 detinet
1558 4012 1675 4083 aliquem
1726 4035 1740 4060 x

507 4115 613 4173 propter
630 4103 754 4156 furorem.
773 4103 801 4156 Si
822 4121 885 4158 uero
905 4104 1047 4157 detinuerit
1066 4103 1184 4172 aliquem
1204 4102 1299 4155 maiori
1318 4103 1402 4172 spatio
1420 4113 1447 4154 et
1460 4101 1547 4172 ipsum
1559 4099 1675 4154 reddimi

534 4276 565 4333 (ι)
577 4276 601 4316 lu
615 4276 657 4317 alio
671 4276 778 4331 exemplo:
789 4283 832 4331 pra.
