<?xml version="1.0" encoding="UTF-8"?>
<!DOCTYPE html PUBLIC "-//W3C//DTD XHTML 1.0 Transitional//EN"
    "http://www.w3.org/TR/xhtml1/DTD/xhtml1-transitional.dtd">
<html xmlns="http://www.w3.org/1999/xhtml" xml:lang="en" lang="en">
 <head>
  <title>
</title>
<meta http-equiv="Content-Type" content="text/html;charset=utf-8" />
  <meta name='ocr-system' content='tesseract 3.04.00' />
  <meta name='ocr-capabilities' content='ocr_page ocr_carea ocr_par ocr_line ocrx_word'/>
</head>
<body>
  <div class='ocr_page' id='page_1' title='image "./statutacomunisb00sellgoog_0154.png"; bbox 0 0 3958 5540; ppageno 0'>
   <div class='ocr_carea' id='block_1_1' title="bbox 1407 523 1456 576">
    <p class='ocr_par' dir='ltr' id='par_1_1' title="bbox 1407 523 1456 576">
     <span class='ocr_line' id='line_1_1' title="bbox 1407 523 1456 576; baseline 0 -14"><span class='ocrx_word' id='word_1_1' title='bbox 1407 523 1456 576; x_wconf 85' lang='lat'>117</span> 
     </span>
    </p>
   </div>
   <div class='ocr_carea' id='block_1_2' title="bbox 292 653 1460 1054">
    <p class='ocr_par' dir='ltr' id='par_1_2' title="bbox 292 653 1460 1054">
     <span class='ocr_line' id='line_1_2' title="bbox 337 653 1457 835; baseline -0.014 0"><span class='ocrx_word' id='word_1_2' title='bbox 337 766 491 835; x_wconf 87' lang='lat' dir='ltr'>CODEX</span> <span class='ocrx_word' id='word_1_3' title='bbox 514 763 684 834; x_wconf 83' lang='lat' dir='ltr'>PARTIM</span> <span class='ocrx_word' id='word_1_4' title='bbox 709 653 1012 828; x_wconf 48' lang='lat' dir='ltr'>MEMBiInLNEUS</span> <span class='ocrx_word' id='word_1_5' title='bbox 1047 755 1217 825; x_wconf 84' lang='lat' dir='ltr'><strong>PARTIM</strong></span> <span class='ocrx_word' id='word_1_6' title='bbox 1251 753 1457 824; x_wconf 81' lang='lat' dir='ltr'><strong>CHARTA-</strong></span> 
     </span>
     <span class='ocr_line' id='line_1_3' title="bbox 292 859 1458 954; baseline -0.014 -14"><span class='ocrx_word' id='word_1_7' title='bbox 292 873 414 954; x_wconf 87' lang='lat' dir='ltr'><strong>CEUS,</strong></span> <span class='ocrx_word' id='word_1_8' title='bbox 439 871 514 938; x_wconf 89' lang='lat' dir='ltr'>CUI</span> <span class='ocrx_word' id='word_1_9' title='bbox 537 868 733 939; x_wconf 90' lang='lat' dir='ltr'>TITULUS</span> <span class='ocrx_word' id='word_1_10' title='bbox 757 867 860 934; x_wconf 89' lang='lat' dir='ltr'><strong>EST:</strong></span> <span class='ocrx_word' id='word_1_11' title='bbox 898 865 1024 932; x_wconf 89' lang='lat' dir='ltr'>LIBER</span> <span class='ocrx_word' id='word_1_12' title='bbox 1051 859 1458 930; x_wconf 77' lang='lat' dir='ltr'>SACRAMENTORUM</span> 
     </span>
     <span class='ocr_line' id='line_1_4' title="bbox 292 963 1460 1054; baseline -0.012 -10"><span class='ocrx_word' id='word_1_13' title='bbox 292 976 542 1047; x_wconf 89' lang='lat' dir='ltr'>CONSULUM</span> <span class='ocrx_word' id='word_1_14' title='bbox 566 975 625 1042; x_wconf 91' lang='lat' dir='ltr'>ET</span> <span class='ocrx_word' id='word_1_15' title='bbox 648 971 938 1042; x_wconf 87' lang='lat' dir='ltr'>OFFIClALlUM</span> <span class='ocrx_word' id='word_1_16' title='bbox 954 968 1159 1037; x_wconf 85' lang='lat' dir='ltr'>COMUNIS</span> <span class='ocrx_word' id='word_1_17' title='bbox 1176 965 1386 1034; x_wconf 79' lang='lat' dir='ltr'><strong>EUGELLE.</strong></span> <span class='ocrx_word' id='word_1_18' title='bbox 1403 963 1460 1054; x_wconf 92' lang='lat'>(1)</span> 
     </span>
    </p>
   </div>
   <div class='ocr_carea' id='block_1_3' title="bbox 293 1140 1460 1305">
    <p class='ocr_par' dir='ltr' id='par_1_3' title="bbox 293 1140 1460 1305">
     <span class='ocr_line' id='line_1_5' title="bbox 293 1140 1458 1224; baseline -0.015 -14"><span class='ocrx_word' id='word_1_19' title='bbox 293 1159 344 1224; x_wconf 69' lang='lat' dir='ltr'>(l)</span> <span class='ocrx_word' id='word_1_20' title='bbox 363 1154 466 1208; x_wconf 86' lang='lat' dir='ltr'>LIBER</span> <span class='ocrx_word' id='word_1_21' title='bbox 484 1147 818 1206; x_wconf 80' lang='lat' dir='ltr'>SACRAMENTORUM</span> <span class='ocrx_word' id='word_1_22' title='bbox 836 1145 1040 1200; x_wconf 85' lang='lat' dir='ltr'>CONSULUM</span> <span class='ocrx_word' id='word_1_23' title='bbox 1059 1143 1107 1198; x_wconf 86' lang='lat' dir='ltr'>ET</span> <span class='ocrx_word' id='word_1_24' title='bbox 1134 1141 1370 1196; x_wconf 81' lang='lat' dir='ltr'>OFFlClALlUM</span> <span class='ocrx_word' id='word_1_25' title='bbox 1390 1140 1458 1194; x_wconf 86' lang='lat' dir='ltr'>CO·</span> 
     </span>
     <span class='ocr_line' id='line_1_6' title="bbox 347 1229 1460 1305; baseline -0.015 -9"><span class='ocrx_word' id='word_1_26' title='bbox 347 1241 468 1296; x_wconf 87' lang='lat' dir='ltr'>MUNlS.</span> <span class='ocrx_word' id='word_1_27' title='bbox 490 1271 521 1280; x_wconf 96' lang='lat'>—</span> <span class='ocrx_word' id='word_1_28' title='bbox 541 1239 595 1292; x_wconf 86' lang='lat' dir='ltr'>Fol.</span> <span class='ocrx_word' id='word_1_29' title='bbox 615 1239 719 1292; x_wconf 75' lang='lat' dir='ltr'>Memor.</span> <span class='ocrx_word' id='word_1_30' title='bbox 739 1251 756 1290; x_wconf 86' lang='lat'>1.</span> <span class='ocrx_word' id='word_1_31' title='bbox 776 1251 804 1288; x_wconf 90' lang='lat'>11.</span> <span class='ocrx_word' id='word_1_32' title='bbox 824 1250 862 1288; x_wconf 91' lang='grc' dir='ltr'>ιιι.</span> <span class='ocrx_word' id='word_1_33' title='bbox 890 1241 912 1286; x_wconf 81' lang='lat' dir='ltr'>el</span> <span class='ocrx_word' id='word_1_34' title='bbox 941 1243 1003 1305; x_wconf 82' lang='lat' dir='ltr'>porr</span> <span class='ocrx_word' id='word_1_35' title='bbox 1026 1247 1064 1286; x_wconf 86' lang='grc' dir='ltr'>ιν.</span> <span class='ocrx_word' id='word_1_36' title='bbox 1092 1231 1206 1285; x_wconf 73' lang='lat' dir='ltr'>Initiolcs</span> <span class='ocrx_word' id='word_1_37' title='bbox 1233 1231 1317 1284; x_wconf 74' lang='lat' dir='ltr'>literae</span> <span class='ocrx_word' id='word_1_38' title='bbox 1344 1229 1421 1280; x_wconf 81' lang='lat' dir='ltr'>rubro</span> <span class='ocrx_word' id='word_1_39' title='bbox 1438 1233 1460 1280; x_wconf 81' lang='grc' dir='ltr'>ιι</span> 
     </span>
    </p>
   </div>
   <div class='ocr_carea' id='block_1_4' title="bbox 347 1327 701 1384">
    <p class='ocr_par' dir='ltr' id='par_1_4' title="bbox 347 1327 701 1384">
     <span class='ocr_line' id='line_1_7' title="bbox 347 1327 701 1384; baseline -0.017 0"><span class='ocrx_word' id='word_1_40' title='bbox 347 1329 455 1384; x_wconf 80' lang='lat' dir='ltr'>coeruleo</span> <span class='ocrx_word' id='word_1_41' title='bbox 473 1329 552 1382; x_wconf 81' lang='lat' dir='ltr'>colore</span> <span class='ocrx_word' id='word_1_42' title='bbox 569 1327 701 1382; x_wconf 71' lang='lat' dir='ltr'><em>decoratae.</em></span> 
     </span>
    </p>
   </div>
   <div class='ocr_carea' id='block_1_5' title="bbox 336 1501 1462 1697">
    <p class='ocr_par' dir='ltr' id='par_1_5' title="bbox 336 1501 1462 1697">
     <span class='ocr_line' id='line_1_8' title="bbox 337 1501 831 1570; baseline -0.01 0"><span class='ocrx_word' id='word_1_43' title='bbox 337 1503 374 1570; x_wconf 92' lang='lat' dir='ltr'>In</span> <span class='ocrx_word' id='word_1_44' title='bbox 398 1504 530 1570; x_wconf 91' lang='lat' dir='ltr'>nomine</span> <span class='ocrx_word' id='word_1_45' title='bbox 554 1501 689 1569; x_wconf 88' lang='lat' dir='ltr'>domini.</span> <span class='ocrx_word' id='word_1_46' title='bbox 713 1501 831 1567; x_wconf 87' lang='lat' dir='ltr'>Amen.</span> 
     </span>
     <span class='ocr_line' id='line_1_9' title="bbox 336 1599 1462 1697; baseline -0.008 -21"><span class='ocrx_word' id='word_1_47' title='bbox 336 1609 453 1697; x_wconf 90' lang='lat' dir='ltr'>Incipit</span> <span class='ocrx_word' id='word_1_48' title='bbox 475 1607 555 1675; x_wconf 88' lang='lat' dir='ltr'>libet</span> <span class='ocrx_word' id='word_1_49' title='bbox 577 1621 853 1676; x_wconf 80' lang='lat' dir='ltr'>sacramentomm</span> <span class='ocrx_word' id='word_1_50' title='bbox 878 1602 1046 1671; x_wconf 85' lang='lat' dir='ltr'>consulum</span> <span class='ocrx_word' id='word_1_51' title='bbox 1070 1619 1102 1670; x_wconf 90' lang='lat' dir='ltr'>et</span> <span class='ocrx_word' id='word_1_52' title='bbox 1117 1599 1299 1670; x_wconf 85' lang='lat' dir='ltr'>officialium</span> <span class='ocrx_word' id='word_1_53' title='bbox 1315 1599 1462 1668; x_wconf 88' lang='lat' dir='ltr'>comunis</span> 
     </span>
    </p>
   </div>
   <div class='ocr_carea' id='block_1_6' title="bbox 295 1713 431 1803">
    <p class='ocr_par' dir='ltr' id='par_1_6' title="bbox 295 1713 431 1803">
     <span class='ocr_line' id='line_1_10' title="bbox 295 1713 431 1803; baseline 0 -21"><span class='ocrx_word' id='word_1_54' title='bbox 295 1713 431 1803; x_wconf 87' lang='lat' dir='ltr'>bugelle.</span> 
     </span>
    </p>
   </div>
   <div class='ocr_carea' id='block_1_7' title="bbox 296 1853 1465 3700">
    <p class='ocr_par' dir='ltr' id='par_1_7' title="bbox 300 1853 790 1922">
     <span class='ocr_line' id='line_1_11' title="bbox 300 1853 790 1922; baseline -0.002 0"><span class='ocrx_word' id='word_1_55' title='bbox 300 1877 326 1922; x_wconf 84' lang='lat'>1.</span> <span class='ocrx_word' id='word_1_56' title='bbox 351 1853 584 1922; x_wconf 77' lang='lat' dir='ltr'>Sacramentale</span> <span class='ocrx_word' id='word_1_57' title='bbox 610 1853 790 1921; x_wconf 86' lang='lat' dir='ltr'>consulum.</span> 
     </span>
    </p>

    <p class='ocr_par' dir='ltr' id='par_1_8' title="bbox 296 1954 1463 2122">
     <span class='ocr_line' id='line_1_12' title="bbox 331 1954 1463 2030; baseline -0.009 -15"><span class='ocrx_word' id='word_1_58' title='bbox 331 1963 354 2014; x_wconf 85' lang='grc' dir='ltr'>Α</span> <span class='ocrx_word' id='word_1_59' title='bbox 374 1961 440 2014; x_wconf 83' lang='lat' dir='ltr'>sesto</span> <span class='ocrx_word' id='word_1_60' title='bbox 459 1961 542 2014; x_wconf 79' lang='lat' dir='ltr'>sancti</span> <span class='ocrx_word' id='word_1_61' title='bbox 561 1960 668 2014; x_wconf 73' lang='lat' dir='ltr'>Martini</span> <span class='ocrx_word' id='word_1_62' title='bbox 688 1957 804 2030; x_wconf 79' lang='lat' dir='ltr'>proximi</span> <span class='ocrx_word' id='word_1_63' title='bbox 824 1957 958 2028; x_wconf 75' lang='lat' dir='ltr'>usquead</span> <span class='ocrx_word' id='word_1_64' title='bbox 977 1971 1061 2010; x_wconf 89' lang='lat' dir='ltr'>unum</span> <span class='ocrx_word' id='word_1_65' title='bbox 1080 1971 1182 2010; x_wconf 76' lang='lat' dir='ltr'>annum</span> <span class='ocrx_word' id='word_1_66' title='bbox 1194 1954 1358 2026; x_wconf 85' lang='lat' dir='ltr'>completum</span> <span class='ocrx_word' id='word_1_67' title='bbox 1370 1965 1463 2024; x_wconf 78' lang='lat' dir='ltr'>regem</span> 
     </span>
     <span class='ocr_line' id='line_1_13' title="bbox 296 2046 878 2122; baseline -0.007 -19"><span class='ocrx_word' id='word_1_68' title='bbox 296 2050 425 2122; x_wconf 86' lang='lat' dir='ltr'>populum</span> <span class='ocrx_word' id='word_1_69' title='bbox 445 2063 470 2102; x_wconf 87' lang='lat' dir='ltr'>et</span> <span class='ocrx_word' id='word_1_70' title='bbox 489 2062 586 2102; x_wconf 83' lang='lat' dir='ltr'>termm</span> <span class='ocrx_word' id='word_1_71' title='bbox 605 2047 711 2118; x_wconf 85' lang='lat' dir='ltr'>bugelle</span> <span class='ocrx_word' id='word_1_72' title='bbox 730 2049 799 2100; x_wconf 84' lang='lat' dir='ltr'>bona</span> <span class='ocrx_word' id='word_1_73' title='bbox 819 2046 878 2100; x_wconf 83' lang='lat' dir='ltr'>fide.</span> 
     </span>
    </p>

    <p class='ocr_par' dir='ltr' id='par_1_9' title="bbox 299 2131 1461 2278">
     <span class='ocr_line' id='line_1_14' title="bbox 331 2131 1461 2204; baseline -0.008 -13"><span class='ocrx_word' id='word_1_74' title='bbox 331 2139 480 2191; x_wconf 88' lang='lat' dir='ltr'>Dominum</span> <span class='ocrx_word' id='word_1_75' title='bbox 501 2137 637 2190; x_wconf 84' lang='lat' dir='ltr'>Comitem</span> <span class='ocrx_word' id='word_1_76' title='bbox 665 2135 795 2188; x_wconf 77' lang='lat' dir='ltr'>Sobnndie</span> <span class='ocrx_word' id='word_1_77' title='bbox 825 2135 867 2204; x_wconf 86' lang='lat'>(2)</span> <span class='ocrx_word' id='word_1_78' title='bbox 895 2135 1010 2188; x_wconf 76' lang='lat' dir='ltr'>honores</span> <span class='ocrx_word' id='word_1_79' title='bbox 1038 2145 1065 2187; x_wconf 84' lang='lat' dir='ltr'>et</span> <span class='ocrx_word' id='word_1_80' title='bbox 1082 2133 1139 2186; x_wconf 83' lang='lat' dir='ltr'>ium</span> <span class='ocrx_word' id='word_1_81' title='bbox 1157 2148 1204 2186; x_wconf 83' lang='lat' dir='ltr'>sua</span> <span class='ocrx_word' id='word_1_82' title='bbox 1223 2131 1335 2185; x_wconf 83' lang='lat' dir='ltr'>fideliter</span> <span class='ocrx_word' id='word_1_83' title='bbox 1353 2145 1461 2184; x_wconf 81' lang='lat' dir='ltr'>conser-</span> 
     </span>
     <span class='ocr_line' id='line_1_15' title="bbox 299 2227 406 2278; baseline 0 0"><span class='ocrx_word' id='word_1_84' title='bbox 299 2227 406 2278; x_wconf 84' lang='lat' dir='ltr'>nabunt.</span> 
     </span>
    </p>

    <p class='ocr_par' dir='ltr' id='par_1_10' title="bbox 296 2307 1463 2470">
     <span class='ocr_line' id='line_1_16' title="bbox 333 2307 1463 2383; baseline -0.007 -16"><span class='ocrx_word' id='word_1_85' title='bbox 333 2313 466 2376; x_wconf 90' lang='lat' dir='ltr'>Comune,</span> <span class='ocrx_word' id='word_1_86' title='bbox 485 2311 638 2383; x_wconf 68' lang='lat' dir='ltr'>singulares,</span> <span class='ocrx_word' id='word_1_87' title='bbox 657 2313 788 2366; x_wconf 79' lang='lat' dir='ltr'>masculos</span> <span class='ocrx_word' id='word_1_88' title='bbox 808 2325 834 2366; x_wconf 89' lang='lat' dir='ltr'>et</span> <span class='ocrx_word' id='word_1_89' title='bbox 853 2311 972 2376; x_wconf 82' lang='lat' dir='ltr'>seminas,</span> <span class='ocrx_word' id='word_1_90' title='bbox 991 2329 1138 2382; x_wconf 86' lang='lat' dir='ltr'>eorumque</span> <span class='ocrx_word' id='word_1_91' title='bbox 1166 2308 1312 2382; x_wconf 81' lang='lat' dir='ltr'>priuilegia,</span> <span class='ocrx_word' id='word_1_92' title='bbox 1339 2307 1463 2370; x_wconf 84' lang='lat' dir='ltr'>rationes,</span> 
     </span>
     <span class='ocr_line' id='line_1_17' title="bbox 296 2397 1463 2470; baseline -0.006 -15"><span class='ocrx_word' id='word_1_93' title='bbox 296 2403 501 2456; x_wconf 82' lang='lat' dir='ltr'>consuetudines</span> <span class='ocrx_word' id='word_1_94' title='bbox 520 2413 546 2454; x_wconf 86' lang='lat' dir='ltr'>et</span> <span class='ocrx_word' id='word_1_95' title='bbox 564 2413 659 2454; x_wconf 75' lang='lat' dir='ltr'>statute</span> <span class='ocrx_word' id='word_1_96' title='bbox 678 2399 784 2470; x_wconf 85' lang='lat' dir='ltr'>bugelle</span> <span class='ocrx_word' id='word_1_97' title='bbox 803 2401 1024 2464; x_wconf 75' lang='lat' dir='ltr'>manutenebunt,</span> <span class='ocrx_word' id='word_1_98' title='bbox 1054 2399 1189 2454; x_wconf 89' lang='lat' dir='ltr'>reddendo</span> <span class='ocrx_word' id='word_1_99' title='bbox 1208 2397 1315 2451; x_wconf 80' lang='lat' dir='ltr'>cuilibet</span> <span class='ocrx_word' id='word_1_100' title='bbox 1333 2397 1389 2450; x_wconf 82' lang='lat' dir='ltr'>iuro</span> <span class='ocrx_word' id='word_1_101' title='bbox 1408 2413 1463 2448; x_wconf 85' lang='lat' dir='ltr'>sun.</span> 
     </span>
    </p>

    <p class='ocr_par' dir='ltr' id='par_1_11' title="bbox 331 2487 1232 2559">
     <span class='ocr_line' id='line_1_18' title="bbox 331 2487 1232 2559; baseline -0.003 -16"><span class='ocrx_word' id='word_1_102' title='bbox 331 2489 466 2543; x_wconf 81' lang='lat' dir='ltr'>Officiales</span> <span class='ocrx_word' id='word_1_103' title='bbox 485 2501 585 2558; x_wconf 89' lang='lat' dir='ltr'>ponem</span> <span class='ocrx_word' id='word_1_104' title='bbox 602 2489 630 2542; x_wconf 90' lang='lat' dir='ltr'>in</span> <span class='ocrx_word' id='word_1_105' title='bbox 650 2501 780 2559; x_wconf 74' lang='lat' dir='ltr'>quantum</span> <span class='ocrx_word' id='word_1_106' title='bbox 800 2501 923 2558; x_wconf 90' lang='lat' dir='ltr'>poterunt</span> <span class='ocrx_word' id='word_1_107' title='bbox 942 2488 969 2540; x_wconf 90' lang='lat' dir='ltr'>in</span> <span class='ocrx_word' id='word_1_108' title='bbox 988 2487 1083 2558; x_wconf 85' lang='lat' dir='ltr'>officijs</span> <span class='ocrx_word' id='word_1_109' title='bbox 1101 2487 1232 2540; x_wconf 73' lang='lat' dir='ltr'>meliores.</span> 
     </span>
    </p>

    <p class='ocr_par' dir='ltr' id='par_1_12' title="bbox 297 2573 1463 2720">
     <span class='ocr_line' id='line_1_19' title="bbox 331 2573 1463 2646; baseline -0.006 -14"><span class='ocrx_word' id='word_1_110' title='bbox 331 2578 443 2632; x_wconf 78' lang='lat' dir='ltr'>Terram</span> <span class='ocrx_word' id='word_1_111' title='bbox 463 2577 567 2646; x_wconf 82' lang='lat' dir='ltr'>bugelle</span> <span class='ocrx_word' id='word_1_112' title='bbox 586 2589 613 2630; x_wconf 86' lang='lat' dir='ltr'>et</span> <span class='ocrx_word' id='word_1_113' title='bbox 630 2576 779 2630; x_wconf 74' lang='lat' dir='ltr'>habitantes</span> <span class='ocrx_word' id='word_1_114' title='bbox 797 2576 825 2628; x_wconf 93' lang='lat' dir='ltr'>in</span> <span class='ocrx_word' id='word_1_115' title='bbox 844 2593 875 2628; x_wconf 81' lang='lat' dir='ltr'>ea</span> <span class='ocrx_word' id='word_1_116' title='bbox 904 2576 937 2628; x_wconf 81' lang='lat' dir='ltr'>ob</span> <span class='ocrx_word' id='word_1_117' title='bbox 964 2576 1178 2646; x_wconf 82' lang='lat' dir='ltr'>oppressionibus</span> <span class='ocrx_word' id='word_1_118' title='bbox 1204 2573 1353 2628; x_wconf 84' lang='lat' dir='ltr'>custodient</span> <span class='ocrx_word' id='word_1_119' title='bbox 1371 2585 1397 2626; x_wconf 86' lang='lat' dir='ltr'>et</span> <span class='ocrx_word' id='word_1_120' title='bbox 1416 2589 1463 2642; x_wconf 93' lang='lat' dir='ltr'>pro</span> 
     </span>
     <span class='ocr_line' id='line_1_20' title="bbox 297 2665 615 2720; baseline -0.006 0"><span class='ocrx_word' id='word_1_121' title='bbox 297 2667 397 2720; x_wconf 86' lang='lat' dir='ltr'>uiribus</span> <span class='ocrx_word' id='word_1_122' title='bbox 421 2665 615 2718; x_wconf 78' lang='lat' dir='ltr'>desenssabunt</span> 
     </span>
    </p>

    <p class='ocr_par' dir='ltr' id='par_1_13' title="bbox 296 2749 1462 2910">
     <span class='ocr_line' id='line_1_21' title="bbox 332 2749 1462 2822; baseline -0.007 -14"><span class='ocrx_word' id='word_1_123' title='bbox 332 2755 485 2808; x_wconf 88' lang='lat' dir='ltr'>Comunem</span> <span class='ocrx_word' id='word_1_124' title='bbox 508 2752 657 2818; x_wconf 72' lang='lat' dir='ltr'>utilitatem,</span> <span class='ocrx_word' id='word_1_125' title='bbox 677 2751 819 2816; x_wconf 77' lang='lat' dir='ltr'>lortilicins,</span> <span class='ocrx_word' id='word_1_126' title='bbox 838 2763 936 2806; x_wconf 75' lang='lat' dir='ltr'>statum</span> <span class='ocrx_word' id='word_1_127' title='bbox 956 2767 1118 2822; x_wconf 85' lang='lat' dir='ltr'>prosperum,</span> <span class='ocrx_word' id='word_1_128' title='bbox 1138 2749 1285 2822; x_wconf 82' lang='lat' dir='ltr'>pacificum,</span> <span class='ocrx_word' id='word_1_129' title='bbox 1297 2763 1323 2804; x_wconf 85' lang='lat' dir='ltr'>et</span> <span class='ocrx_word' id='word_1_130' title='bbox 1341 2749 1462 2820; x_wconf 87' lang='lat' dir='ltr'>quietum</span> 
     </span>
     <span class='ocr_line' id='line_1_22' title="bbox 296 2841 986 2910; baseline -0.003 -14"><span class='ocrx_word' id='word_1_131' title='bbox 296 2844 364 2896; x_wconf 87' lang='lat' dir='ltr'>dicte</span> <span class='ocrx_word' id='word_1_132' title='bbox 383 2854 450 2896; x_wconf 88' lang='lat' dir='ltr'>terre</span> <span class='ocrx_word' id='word_1_133' title='bbox 468 2857 529 2894; x_wconf 88' lang='lat' dir='ltr'>cum</span> <span class='ocrx_word' id='word_1_134' title='bbox 548 2841 625 2894; x_wconf 92' lang='lat' dir='ltr'>omni</span> <span class='ocrx_word' id='word_1_135' title='bbox 644 2841 782 2910; x_wconf 74' lang='lat' dir='ltr'>diligentia</span> <span class='ocrx_word' id='word_1_136' title='bbox 801 2841 986 2910; x_wconf 81' lang='lat' dir='ltr'>procumbunt.</span> 
     </span>
    </p>

    <p class='ocr_par' dir='ltr' id='par_1_14' title="bbox 296 2924 1464 3174">
     <span class='ocr_line' id='line_1_23' title="bbox 333 2924 1464 3000; baseline -0.006 -15"><span class='ocrx_word' id='word_1_137' title='bbox 333 2930 459 2985; x_wconf 78' lang='lat' dir='ltr'>bennitos</span> <span class='ocrx_word' id='word_1_138' title='bbox 477 2930 510 2982; x_wconf 88' lang='lat' dir='ltr'>de</span> <span class='ocrx_word' id='word_1_139' title='bbox 528 2929 632 2983; x_wconf 86' lang='lat' dir='ltr'>enormi</span> <span class='ocrx_word' id='word_1_140' title='bbox 651 2928 756 2992; x_wconf 88' lang='lat' dir='ltr'>delicto,</span> <span class='ocrx_word' id='word_1_141' title='bbox 776 2928 932 2992; x_wconf 82' lang='lat' dir='ltr'>homicidas,</span> <span class='ocrx_word' id='word_1_142' title='bbox 951 2928 1020 2982; x_wconf 63' lang='lat' dir='ltr'>sures</span> <span class='ocrx_word' id='word_1_143' title='bbox 1039 2927 1166 3000; x_wconf 82' lang='lat' dir='ltr'>publicos,</span> <span class='ocrx_word' id='word_1_144' title='bbox 1185 2941 1212 2982; x_wconf 87' lang='lat' dir='ltr'>et</span> <span class='ocrx_word' id='word_1_145' title='bbox 1231 2927 1354 2990; x_wconf 72' lang='lat' dir='ltr'>latrones,</span> <span class='ocrx_word' id='word_1_146' title='bbox 1373 2924 1464 2978; x_wconf 77' lang='lat' dir='ltr'>fracto·</span> 
     </span>
     <span class='ocr_line' id='line_1_24' title="bbox 296 3014 1462 3086; baseline -0.006 -13"><span class='ocrx_word' id='word_1_147' title='bbox 296 3037 336 3073; x_wconf 85' lang='lat' dir='ltr'>res</span> <span class='ocrx_word' id='word_1_148' title='bbox 354 3031 501 3080; x_wconf 74' lang='lat' dir='ltr'>stratorum,</span> <span class='ocrx_word' id='word_1_149' title='bbox 520 3030 547 3070; x_wconf 89' lang='lat' dir='ltr'>et</span> <span class='ocrx_word' id='word_1_150' title='bbox 564 3017 630 3070; x_wconf 81' lang='lat' dir='ltr'>alios</span> <span class='ocrx_word' id='word_1_151' title='bbox 649 3015 719 3070; x_wconf 84' lang='lat' dir='ltr'>malo</span> <span class='ocrx_word' id='word_1_152' title='bbox 737 3015 808 3070; x_wconf 76' lang='lat' dir='ltr'>lame</span> <span class='ocrx_word' id='word_1_153' title='bbox 836 3017 869 3068; x_wconf 89' lang='lat' dir='ltr'>de</span> <span class='ocrx_word' id='word_1_154' title='bbox 898 3017 952 3086; x_wconf 79' lang='lat' dir='ltr'>ipsa</span> <span class='ocrx_word' id='word_1_155' title='bbox 981 3029 1048 3069; x_wconf 85' lang='lat' dir='ltr'>term</span> <span class='ocrx_word' id='word_1_156' title='bbox 1076 3019 1205 3069; x_wconf 89' lang='lat' dir='ltr'>cumbunt</span> <span class='ocrx_word' id='word_1_157' title='bbox 1232 3014 1361 3085; x_wconf 77' lang='lat' dir='ltr'>erpellere</span> <span class='ocrx_word' id='word_1_158' title='bbox 1390 3014 1462 3066; x_wconf 78' lang='lat' dir='ltr'>iuxta</span> 
     </span>
     <span class='ocr_line' id='line_1_25' title="bbox 300 3121 385 3174; baseline 0 -16"><span class='ocrx_word' id='word_1_159' title='bbox 300 3121 385 3174; x_wconf 82' lang='lat' dir='ltr'>posse.</span> 
     </span>
    </p>

    <p class='ocr_par' dir='ltr' id='par_1_15' title="bbox 333 3190 1321 3260">
     <span class='ocr_line' id='line_1_26' title="bbox 333 3190 1321 3260; baseline -0.004 -14"><span class='ocrx_word' id='word_1_160' title='bbox 333 3193 423 3246; x_wconf 72' lang='lat' dir='ltr'>banna</span> <span class='ocrx_word' id='word_1_161' title='bbox 443 3192 553 3246; x_wconf 83' lang='lat' dir='ltr'>fideliter</span> <span class='ocrx_word' id='word_1_162' title='bbox 572 3193 725 3246; x_wconf 79' lang='lat' dir='ltr'>iudicabunt</span> <span class='ocrx_word' id='word_1_163' title='bbox 744 3193 777 3245; x_wconf 81' lang='lat' dir='ltr'>tle</span> <span class='ocrx_word' id='word_1_164' title='bbox 797 3191 924 3245; x_wconf 87' lang='lat' dir='ltr'>conscilio</span> <span class='ocrx_word' id='word_1_165' title='bbox 943 3191 1092 3260; x_wconf 82' lang='lat' dir='ltr'>sapientum</span> <span class='ocrx_word' id='word_1_166' title='bbox 1111 3190 1172 3242; x_wconf 82' lang='lat' dir='ltr'>dicti</span> <span class='ocrx_word' id='word_1_167' title='bbox 1191 3190 1321 3242; x_wconf 59' lang='lat' dir='ltr'>comunis</span> 
     </span>
    </p>

    <p class='ocr_par' dir='ltr' id='par_1_16' title="bbox 332 3276 1464 3350">
     <span class='ocr_line' id='line_1_27' title="bbox 332 3276 1464 3350; baseline -0.006 -16"><span class='ocrx_word' id='word_1_168' title='bbox 332 3281 429 3334; x_wconf 83' lang='lat' dir='ltr'>Predns</span> <span class='ocrx_word' id='word_1_169' title='bbox 447 3280 490 3334; x_wconf 89' lang='lat' dir='ltr'>uel</span> <span class='ocrx_word' id='word_1_170' title='bbox 509 3281 624 3334; x_wconf 68' lang='lat' dir='ltr'>roberius</span> <span class='ocrx_word' id='word_1_171' title='bbox 642 3281 671 3334; x_wconf 89' lang='lat' dir='ltr'>in</span> <span class='ocrx_word' id='word_1_172' title='bbox 690 3293 756 3334; x_wconf 85' lang='lat' dir='ltr'>term</span> <span class='ocrx_word' id='word_1_173' title='bbox 776 3280 881 3350; x_wconf 83' lang='lat' dir='ltr'>bugelle</span> <span class='ocrx_word' id='word_1_174' title='bbox 900 3279 1024 3348; x_wconf 75' lang='lat' dir='ltr'>receptari</span> <span class='ocrx_word' id='word_1_175' title='bbox 1043 3278 1202 3348; x_wconf 80' lang='lat' dir='ltr'>aliquatinus</span> <span class='ocrx_word' id='word_1_176' title='bbox 1221 3295 1276 3330; x_wconf 90' lang='lat' dir='ltr'>non</span> <span class='ocrx_word' id='word_1_177' title='bbox 1304 3276 1464 3346; x_wconf 77' lang='lat' dir='ltr'>pemtittent.</span> 
     </span>
    </p>

    <p class='ocr_par' dir='ltr' id='par_1_17' title="bbox 297 3363 1465 3526">
     <span class='ocr_line' id='line_1_28' title="bbox 334 3363 1465 3436; baseline -0.007 -14"><span class='ocrx_word' id='word_1_178' title='bbox 334 3367 471 3422; x_wconf 75' lang='lat' dir='ltr'>Poscheria</span> <span class='ocrx_word' id='word_1_179' title='bbox 490 3381 517 3421; x_wconf 86' lang='lat' dir='ltr'>et</span> <span class='ocrx_word' id='word_1_180' title='bbox 534 3367 585 3422; x_wconf 76' lang='lat' dir='ltr'>elin</span> <span class='ocrx_word' id='word_1_181' title='bbox 604 3369 636 3422; x_wconf 80' lang='lat' dir='ltr'>nd</span> <span class='ocrx_word' id='word_1_182' title='bbox 655 3385 800 3422; x_wconf 82' lang='lat' dir='ltr'>comunem</span> <span class='ocrx_word' id='word_1_183' title='bbox 814 3383 892 3420; x_wconf 88' lang='lat' dir='ltr'>usum</span> <span class='ocrx_word' id='word_1_184' title='bbox 909 3367 1031 3436; x_wconf 78' lang='lat' dir='ltr'>deputam</span> <span class='ocrx_word' id='word_1_185' title='bbox 1044 3365 1165 3434; x_wconf 79' lang='lat' dir='ltr'>occupari</span> <span class='ocrx_word' id='word_1_186' title='bbox 1179 3365 1221 3418; x_wconf 87' lang='lat' dir='ltr'>uel</span> <span class='ocrx_word' id='word_1_187' title='bbox 1235 3365 1321 3418; x_wconf 79' lang='lat' dir='ltr'>claudi</span> <span class='ocrx_word' id='word_1_188' title='bbox 1334 3363 1465 3434; x_wconf 79' lang='lat' dir='ltr'>aliquibus</span> 
     </span>
     <span class='ocr_line' id='line_1_29' title="bbox 297 3452 1259 3526; baseline -0.003 -19"><span class='ocrx_word' id='word_1_189' title='bbox 297 3473 352 3508; x_wconf 89' lang='lat' dir='ltr'>non</span> <span class='ocrx_word' id='word_1_190' title='bbox 372 3455 513 3526; x_wconf 75' lang='lat' dir='ltr'>potientur.</span> <span class='ocrx_word' id='word_1_191' title='bbox 533 3455 585 3508; x_wconf 86' lang='lat' dir='ltr'>Sed</span> <span class='ocrx_word' id='word_1_192' title='bbox 603 3469 729 3524; x_wconf 76' lang='lat' dir='ltr'>occupato</span> <span class='ocrx_word' id='word_1_193' title='bbox 751 3455 942 3524; x_wconf 80' lang='lat' dir='ltr'>recuperabunt</span> <span class='ocrx_word' id='word_1_194' title='bbox 960 3452 1072 3506; x_wconf 84' lang='lat' dir='ltr'>fideliter</span> <span class='ocrx_word' id='word_1_195' title='bbox 1090 3453 1157 3505; x_wconf 77' lang='lat' dir='ltr'>iuste</span> <span class='ocrx_word' id='word_1_196' title='bbox 1176 3469 1259 3522; x_wconf 81' lang='lat' dir='ltr'>posse.</span> 
     </span>
    </p>

    <p class='ocr_par' dir='ltr' id='par_1_18' title="bbox 298 3536 1463 3700">
     <span class='ocr_line' id='line_1_30' title="bbox 334 3536 1463 3612; baseline -0.007 -16"><span class='ocrx_word' id='word_1_197' title='bbox 334 3543 433 3596; x_wconf 83' lang='lat' dir='ltr'>Curam</span> <span class='ocrx_word' id='word_1_198' title='bbox 453 3543 589 3612; x_wconf 72' lang='lat' dir='ltr'>hospitalis</span> <span class='ocrx_word' id='word_1_199' title='bbox 607 3555 632 3596; x_wconf 89' lang='lat' dir='ltr'>et</span> <span class='ocrx_word' id='word_1_200' title='bbox 651 3544 765 3596; x_wconf 76' lang='lat' dir='ltr'>caritatis</span> <span class='ocrx_word' id='word_1_201' title='bbox 783 3543 926 3604; x_wconf 81' lang='lat' dir='ltr'>habebunt,</span> <span class='ocrx_word' id='word_1_202' title='bbox 946 3553 974 3595; x_wconf 88' lang='lat' dir='ltr'>ut</span> <span class='ocrx_word' id='word_1_203' title='bbox 993 3539 1029 3594; x_wconf 88' lang='lat' dir='ltr'>ibi</span> <span class='ocrx_word' id='word_1_204' title='bbox 1047 3553 1171 3594; x_wconf 88' lang='lat' dir='ltr'>curentur</span> <span class='ocrx_word' id='word_1_205' title='bbox 1189 3556 1314 3610; x_wconf 84' lang='lat' dir='ltr'>pauperes</span> <span class='ocrx_word' id='word_1_206' title='bbox 1327 3551 1353 3592; x_wconf 88' lang='lat' dir='ltr'>et</span> <span class='ocrx_word' id='word_1_207' title='bbox 1364 3536 1463 3590; x_wconf 88' lang='lat' dir='ltr'>infirmi</span> 
     </span>
     <span class='ocr_line' id='line_1_31' title="bbox 298 3627 1160 3700; baseline -0.003 -17"><span class='ocrx_word' id='word_1_208' title='bbox 298 3643 324 3683; x_wconf 83' lang='lat' dir='ltr'>et</span> <span class='ocrx_word' id='word_1_209' title='bbox 343 3631 375 3684; x_wconf 79' lang='lat' dir='ltr'>od</span> <span class='ocrx_word' id='word_1_210' title='bbox 395 3631 445 3684; x_wconf 81' lang='lat' dir='ltr'>alin</span> <span class='ocrx_word' id='word_1_211' title='bbox 464 3647 543 3700; x_wconf 79' lang='lat' dir='ltr'>opero</span> <span class='ocrx_word' id='word_1_212' title='bbox 562 3631 674 3683; x_wconf 71' lang='lat' dir='ltr'>caritatis</span> <span class='ocrx_word' id='word_1_213' title='bbox 692 3631 793 3683; x_wconf 78' lang='lat' dir='ltr'>dobunt</span> <span class='ocrx_word' id='word_1_214' title='bbox 811 3628 969 3683; x_wconf 82' lang='lat' dir='ltr'>conscilium</span> <span class='ocrx_word' id='word_1_215' title='bbox 987 3641 1014 3682; x_wconf 88' lang='lat' dir='ltr'>et</span> <span class='ocrx_word' id='word_1_216' title='bbox 1032 3627 1160 3682; x_wconf 79' lang='lat' dir='ltr'>sonorem.</span> 
     </span>
    </p>
   </div>
   <div class='ocr_carea' id='block_1_8' title="bbox 298 3906 1466 4373">
    <p class='ocr_par' dir='ltr' id='par_1_19' title="bbox 298 3906 1466 4242">
     <span class='ocr_line' id='line_1_32' title="bbox 326 3906 1465 3962; baseline -0.002 -14"><span class='ocrx_word' id='word_1_217' title='bbox 326 3909 353 3960; x_wconf 83' lang='grc' dir='ltr'>(ι)</span> <span class='ocrx_word' id='word_1_218' title='bbox 368 3906 437 3950; x_wconf 68' lang='lat' dir='ltr'>codex</span> <span class='ocrx_word' id='word_1_219' title='bbox 451 3909 484 3950; x_wconf 84' lang='lat' dir='ltr'>bie</span> <span class='ocrx_word' id='word_1_220' title='bbox 498 3919 586 3962; x_wconf 81' lang='lat' dir='ltr'>quatuor</span> <span class='ocrx_word' id='word_1_221' title='bbox 600 3919 679 3949; x_wconf 82' lang='lat' dir='ltr'>eonstrt</span> <span class='ocrx_word' id='word_1_222' title='bbox 695 3908 806 3957; x_wconf 70' lang='lat' dir='ltr'>fasciculis,</span> <span class='ocrx_word' id='word_1_223' title='bbox 822 3920 907 3960; x_wconf 85' lang='lat' dir='ltr'>quorum</span> <span class='ocrx_word' id='word_1_224' title='bbox 918 3908 989 3947; x_wconf 82' lang='lat' dir='ltr'>teniur</span> <span class='ocrx_word' id='word_1_225' title='bbox 999 3907 1124 3954; x_wconf 62' lang='lat' dir='ltr'>chorraeus,</span> <span class='ocrx_word' id='word_1_226' title='bbox 1135 3907 1195 3946; x_wconf 83' lang='lat' dir='ltr'>ceteri</span> <span class='ocrx_word' id='word_1_227' title='bbox 1204 3906 1338 3946; x_wconf 82' lang='lat' dir='ltr'>membranei:</span> <span class='ocrx_word' id='word_1_228' title='bbox 1350 3919 1380 3946; x_wconf 77' lang='lat' dir='ltr'>rer</span> <span class='ocrx_word' id='word_1_229' title='bbox 1391 3907 1465 3946; x_wconf 79' lang='lat' dir='ltr'>direre-</span> 
     </span>
     <span class='ocr_line' id='line_1_33' title="bbox 299 3977 1466 4032; baseline -0.002 -14"><span class='ocrx_word' id='word_1_230' title='bbox 299 3981 450 4030; x_wconf 63' lang='lat' dir='ltr'>prutenorum</span> <span class='ocrx_word' id='word_1_231' title='bbox 464 3982 536 4019; x_wconf 74' lang='lat' dir='ltr'>ordine</span> <span class='ocrx_word' id='word_1_232' title='bbox 550 3981 648 4032; x_wconf 73' lang='lat' dir='ltr'>digestu,</span> <span class='ocrx_word' id='word_1_233' title='bbox 663 3979 759 4018; x_wconf 71' lang='lat' dir='ltr'>dissimili</span> <span class='ocrx_word' id='word_1_234' title='bbox 784 3979 887 4018; x_wconf 79' lang='lat' dir='ltr'>lirerrrum</span> <span class='ocrx_word' id='word_1_235' title='bbox 903 3979 976 4024; x_wconf 71' lang='lat' dir='ltr'>sonno,</span> <span class='ocrx_word' id='word_1_236' title='bbox 991 3990 1014 4017; x_wconf 77' lang='grc' dir='ltr'>ιι</span> <span class='ocrx_word' id='word_1_237' title='bbox 1029 3978 1079 4016; x_wconf 77' lang='lat' dir='ltr'>eliu</span> <span class='ocrx_word' id='word_1_238' title='bbox 1102 3977 1144 4015; x_wconf 81' lang='lat' dir='ltr'>elio</span> <span class='ocrx_word' id='word_1_239' title='bbox 1158 3985 1249 4028; x_wconf 85' lang='lat' dir='ltr'>tempore</span> <span class='ocrx_word' id='word_1_240' title='bbox 1263 3986 1352 4016; x_wconf 79' lang='lat' dir='ltr'>enrrtu</span> <span class='ocrx_word' id='word_1_241' title='bbox 1367 3980 1466 4016; x_wconf 80' lang='lat' dir='ltr'>continet.</span> 
     </span>
     <span class='ocr_line' id='line_1_34' title="bbox 298 4047 1466 4104; baseline -0.003 -16"><span class='ocrx_word' id='word_1_242' title='bbox 298 4047 341 4088; x_wconf 68' lang='lat' dir='ltr'>Nor</span> <span class='ocrx_word' id='word_1_243' title='bbox 357 4050 412 4090; x_wconf 74' lang='lat' dir='ltr'>rlliut</span> <span class='ocrx_word' id='word_1_244' title='bbox 427 4061 502 4104; x_wconf 68' lang='lat' dir='ltr'>parter,</span> <span class='ocrx_word' id='word_1_245' title='bbox 518 4061 577 4104; x_wconf 85' lang='lat' dir='ltr'>prout</span> <span class='ocrx_word' id='word_1_246' title='bbox 592 4063 658 4090; x_wconf 80' lang='lat' dir='ltr'>rerum</span> <span class='ocrx_word' id='word_1_247' title='bbox 672 4063 736 4103; x_wconf 72' lang='lat' dir='ltr'>genus</span> <span class='ocrx_word' id='word_1_248' title='bbox 751 4049 850 4102; x_wconf 70' lang='lat' dir='ltr'>postulor,</span> <span class='ocrx_word' id='word_1_249' title='bbox 865 4051 886 4088; x_wconf 84' lang='lat' dir='ltr'>lo</span> <span class='ocrx_word' id='word_1_250' title='bbox 901 4050 993 4087; x_wconf 80' lang='lat' dir='ltr'>ordinem</span> <span class='ocrx_word' id='word_1_251' title='bbox 1007 4049 1139 4096; x_wconf 64' lang='lat' dir='ltr'>diremimus,</span> <span class='ocrx_word' id='word_1_252' title='bbox 1154 4059 1228 4098; x_wconf 74' lang='lat' dir='ltr'>eosque</span> <span class='ocrx_word' id='word_1_253' title='bbox 1243 4048 1334 4086; x_wconf 75' lang='lat' dir='ltr'>notendo</span> <span class='ocrx_word' id='word_1_254' title='bbox 1349 4048 1420 4086; x_wconf 72' lang='lat' dir='ltr'>iisdem</span> <span class='ocrx_word' id='word_1_255' title='bbox 1436 4049 1466 4086; x_wconf 83' lang='lat' dir='ltr'>lo·</span> 
     </span>
     <span class='ocr_line' id='line_1_35' title="bbox 300 4117 1466 4172; baseline -0.003 -13"><span class='ocrx_word' id='word_1_256' title='bbox 300 4120 373 4160; x_wconf 76' lang='lat' dir='ltr'>{iorum</span> <span class='ocrx_word' id='word_1_257' title='bbox 388 4123 477 4162; x_wconf 71' lang='lat' dir='ltr'>romanis</span> <span class='ocrx_word' id='word_1_258' title='bbox 492 4124 589 4168; x_wconf 76' lang='lat' dir='ltr'>numerio,</span> <span class='ocrx_word' id='word_1_259' title='bbox 605 4123 639 4172; x_wconf 81' lang='lat' dir='ltr'>qui</span> <span class='ocrx_word' id='word_1_260' title='bbox 654 4131 701 4160; x_wconf 74' lang='lat' dir='ltr'>sunt</span> <span class='ocrx_word' id='word_1_261' title='bbox 710 4121 729 4160; x_wconf 83' lang='lat' dir='ltr'>in</span> <span class='ocrx_word' id='word_1_262' title='bbox 738 4121 816 4166; x_wconf 73' lang='lat' dir='ltr'>codiee.</span> <span class='ocrx_word' id='word_1_263' title='bbox 832 4119 892 4158; x_wconf 66' lang='lat' dir='ltr'>timul</span> <span class='ocrx_word' id='word_1_264' title='bbox 908 4121 1041 4158; x_wconf 69' lang='lat' dir='ltr'>indicavimus</span> <span class='ocrx_word' id='word_1_265' title='bbox 1052 4119 1085 4158; x_wconf 86' lang='lat' dir='ltr'>ubi</span> <span class='ocrx_word' id='word_1_266' title='bbox 1100 4119 1184 4172; x_wconf 67' lang='lat' dir='ltr'>quoeris</span> <span class='ocrx_word' id='word_1_267' title='bbox 1195 4131 1239 4170; x_wconf 78' lang='lat' dir='ltr'>pm</span> <span class='ocrx_word' id='word_1_268' title='bbox 1251 4119 1312 4157; x_wconf 74' lang='lat' dir='ltr'>mlm</span> <span class='ocrx_word' id='word_1_269' title='bbox 1321 4127 1360 4158; x_wconf 77' lang='lat' dir='ltr'>est.</span> <span class='ocrx_word' id='word_1_270' title='bbox 1369 4117 1466 4157; x_wconf 74' lang='lat' dir='ltr'>Arebreot</span> 
     </span>
     <span class='ocr_line' id='line_1_36' title="bbox 300 4191 1000 4242; baseline 0 -14"><span class='ocrx_word' id='word_1_271' title='bbox 300 4203 348 4230; x_wconf 87' lang='lat' dir='ltr'>num</span> <span class='ocrx_word' id='word_1_272' title='bbox 372 4203 405 4236; x_wconf 77' lang='grc' dir='ltr'>οι.</span> <span class='ocrx_word' id='word_1_273' title='bbox 420 4203 442 4230; x_wconf 84' lang='lat' dir='ltr'>ut</span> <span class='ocrx_word' id='word_1_274' title='bbox 458 4194 477 4230; x_wconf 88' lang='lat' dir='ltr'>in</span> <span class='ocrx_word' id='word_1_275' title='bbox 493 4193 538 4230; x_wconf 76' lang='lat' dir='ltr'>eliis</span> <span class='ocrx_word' id='word_1_276' title='bbox 553 4193 699 4238; x_wconf 72' lang='lat' dir='ltr'>monumentis,</span> <span class='ocrx_word' id='word_1_277' title='bbox 717 4191 795 4229; x_wconf 65' lang='lat' dir='ltr'>ordinis</span> <span class='ocrx_word' id='word_1_278' title='bbox 811 4201 874 4242; x_wconf 69' lang='lat' dir='ltr'>grette</span> <span class='ocrx_word' id='word_1_279' title='bbox 890 4191 1000 4240; x_wconf 71' lang='lat' dir='ltr'>rejecimus</span> 
     </span>
    </p>

    <p class='ocr_par' dir='ltr' id='par_1_20' title="bbox 299 4256 1466 4373">
     <span class='ocr_line' id='line_1_37' title="bbox 327 4256 1466 4314; baseline -0.004 -14"><span class='ocrx_word' id='word_1_280' title='bbox 327 4260 447 4312; x_wconf 65' lang='lat' dir='ltr'>&lt;21l&#39;erbrr</span> <span class='ocrx_word' id='word_1_281' title='bbox 465 4260 554 4302; x_wconf 73' lang='lat' dir='ltr'>Comitem</span> <span class='ocrx_word' id='word_1_282' title='bbox 568 4260 670 4302; x_wconf 56' lang='lat' dir='ltr'>Mede:</span> <span class='ocrx_word' id='word_1_283' title='bbox 685 4261 784 4314; x_wconf 74' lang='lat' dir='ltr'>prioribus</span> <span class='ocrx_word' id='word_1_284' title='bbox 800 4260 875 4299; x_wconf 66' lang='lat' dir='ltr'>obruis</span> <span class='ocrx_word' id='word_1_285' title='bbox 890 4261 963 4313; x_wconf 71' lang='lat' dir='ltr'>»cripta</span> <span class='ocrx_word' id='word_1_286' title='bbox 983 4270 1038 4308; x_wconf 79' lang='lat' dir='ltr'>tunt,</span> <span class='ocrx_word' id='word_1_287' title='bbox 1060 4259 1195 4300; x_wconf 66' lang='lat' dir='ltr'>verisimrllter</span> <span class='ocrx_word' id='word_1_288' title='bbox 1211 4259 1273 4299; x_wconf 79' lang='lat' dir='ltr'>loro:</span> <span class='ocrx_word' id='word_1_289' title='bbox 1295 4257 1404 4312; x_wconf 71' lang='lat' dir='ltr'>Episcopum</span> <span class='ocrx_word' id='word_1_290' title='bbox 1422 4256 1466 4296; x_wconf 75' lang='grc' dir='ltr'>Γη-</span> 
     </span>
     <span class='ocr_line' id='line_1_38' title="bbox 299 4332 402 4373; baseline -0.01 0"><span class='ocrx_word' id='word_1_291' title='bbox 299 4332 402 4373; x_wconf 70' lang='lat' dir='ltr'>cellam.</span> 
     </span>
    </p>
   </div>
   <div class='ocr_carea' id='block_1_9' title="bbox 0 0 1998 5540">
    <p class='ocr_par' dir='ltr' id='par_1_21' title="bbox 0 0 1998 5540">
     <span class='ocr_line' id='line_1_39' title="bbox 0 0 1998 5540; baseline 0 0"><span class='ocrx_word' id='word_1_292' title='bbox 0 0 1998 5540; x_wconf 95' lang='lat' dir='ltr'> </span> 
     </span>
    </p>
   </div>
  </div>
 </body>
</html>
