3958 5540
672 631 882 698 STATUTA
905 632 1115 699 COLLEGII
1137 631 1461 701 DRAPARIORUM
1485 637 1540 718 (1).
1558 671 1592 683 —

527 820 565 885 ln
588 823 719 886 nomine
742 820 876 890 domini.
898 822 1015 888 Amen.

527 925 597 991 Hec
620 943 694 991 sunt
715 925 852 1012 quedam
875 943 991 994 statuta
1012 944 1045 993 et
1067 926 1290 994 ordinamenta
1320 927 1443 1015 collegii
1469 927 1687 1014 drapariorum

571 1029 701 1117 Bugelle
716 1049 748 1097 et
762 1031 895 1098 Vernati
911 1031 993 1099 facta
1007 1049 1040 1099 et
1055 1033 1224 1120 compilata
1238 1033 1278 1099 ad
1294 1033 1452 1099 honorem
1476 1033 1527 1099 dei
1550 1050 1582 1099 et
1596 1031 1687 1098 beate

570 1135 670 1200 Marie
692 1137 825 1224 uirginis
848 1153 880 1202 et
902 1139 1050 1204 omnium
1073 1155 1255 1204 sanctorum
1279 1156 1311 1204 et
1333 1156 1513 1204 sanctarum
1536 1136 1597 1204 dei.

564 1467 586 1504 1.
605 1451 645 1522 (2)
664 1451 799 1522 Imprimis
816 1463 943 1506 statunam
970 1465 998 1506 et
1025 1455 1177 1508 ordinatum
1208 1454 1336 1524 estquod
1364 1452 1486 1506 consules
1504 1465 1605 1505 ueteres
1622 1451 1686 1505 dicti

526 1539 631 1608 collegii
651 1539 763 1593 debeant
780 1539 877 1610 eligere
895 1540 962 1592 duos
979 1539 1100 1592 consules
1117 1557 1202 1592 vnum
1214 1541 1247 1592 de
1259 1540 1344 1610 placio
1356 1553 1383 1593 et
1394 1557 1478 1594 vnum
1490 1540 1523 1593 de
1535 1539 1615 1608 plano
1624 1555 1686 1592 cum

527 1625 654 1678 conscilio
672 1626 786 1680 duorum
804 1626 837 1679 de
854 1626 969 1696 collegio
986 1643 1054 1696 quos
1071 1627 1203 1680 voluerint
1220 1627 1318 1698 eligere
1336 1639 1397 1680 ante
1415 1626 1511 1680 sennam
1524 1627 1607 1679 sancti
1620 1625 1686 1678 Mar·

527 1713 576 1766 tini
594 1730 640 1783 per
657 1725 719 1767 octo
736 1715 792 1768 dies
810 1715 895 1767 bonos
912 1726 939 1766 et
955 1715 1076 1784 ydoneos
1093 1715 1139 1784 qui
1157 1715 1269 1768 debeant
1281 1715 1379 1768 seruire
1394 1713 1562 1768 consulatum
1574 1713 1637 1766 anni
1649 1729 1686 1765 se

526 1801 631 1870 quentis
648 1813 674 1854 et
692 1801 775 1854 iacere
793 1800 845 1871 legi
863 1813 958 1856 statuta
977 1801 1005 1854 in
1023 1801 1102 1871 pleno
1121 1801 1235 1872 collegio
1253 1802 1320 1856 infra
1339 1816 1462 1856 octauam
1480 1803 1562 1855 sancti
1580 1800 1685 1854 Martini

526 1887 559 1940 de
577 1889 671 1958 quibus
689 1906 772 1942 vnum
790 1889 908 1958 ipsomm
926 1889 1066 1943 consulum
1085 1907 1165 1962 quem
1184 1891 1286 1943 duxerit
1305 1890 1442 1943 consulem
1455 1889 1577 1943 comunis
1589 1888 1687 1958 eligen-

525 1977 590 2028 dum
609 1988 729 2030 teneatur
746 1977 831 2030 iurare
848 1978 1008 2031 credentiam
1036 1979 1158 2032 comunis
1186 1978 1293 2049 bugelle
1321 1979 1468 2032 secundum
1497 1977 1569 2048 quod
1587 1977 1685 2030 iaciunt

527 2063 571 2133 alij
591 2064 712 2118 consules
729 2065 930 2118 meanaliarum.

561 2219 586 2256 2.
604 2203 676 2258 Item
693 2204 766 2274 quod
783 2203 873 2257 nullus
891 2206 924 2258 de
942 2205 1013 2258 dicto
1031 2205 1146 2276 collegio
1164 2219 1246 2276 ponat
1264 2205 1307 2259 uel
1326 2223 1424 2276 ponere
1454 2205 1531 2258 faciat
1548 2203 1577 2258 in
1595 2203 1684 2274 aliquo

526 2307 614 2362 panno
633 2291 717 2360 pilum
737 2292 866 2344 boninum
884 2309 933 2344 nec
952 2291 1068 2345 rixinum
1087 2311 1135 2346 nec
1153 2294 1268 2363 aliquem
1287 2293 1388 2346 malum
1408 2293 1491 2364 pilum
1513 2309 1562 2345 nec
1586 2291 1684 2344 malam

525 2379 613 2431 lanam
632 2395 718 2448 neque
736 2380 841 2431 bonnm
859 2397 945 2449 neque
964 2379 1052 2432 lanam
1071 2379 1183 2448 pelamm
1202 2383 1234 2434 ad
1254 2380 1359 2434 lenum.
1378 2381 1411 2434 Et
1430 2381 1481 2434 hoc
1500 2379 1527 2431 in
1539 2381 1627 2432 banno
1645 2395 1685 2430 so

525 2467 640 2519 lidorum
659 2465 714 2518 LX.
733 2483 774 2536 pp.
795 2484 841 2536 pro
859 2467 978 2537 quolibet
996 2480 1021 2520 et
1039 2469 1155 2537 qualibet
1167 2469 1231 2531 sice,
1244 2469 1318 2521 cuius
1333 2469 1414 2520 banni
1426 2467 1526 2520 excussi
1539 2466 1685 2534 terciapars

525 2553 661 2621 perueniat
679 2553 705 2604 in
726 2569 840 2605 comune
859 2552 971 2623 bugelle.
991 2553 1051 2606 Alia
1070 2555 1148 2607 tercia
1167 2572 1225 2624 pars
1243 2556 1271 2607 in
1290 2554 1435 2624 collegium
1460 2553 1639 2623 drapan'orum
1658 2563 1685 2604 et

525 2641 575 2693 alia
593 2639 672 2693 tercia
691 2640 718 2691 in
737 2652 935 2694 accussatorem.
955 2641 1011 2703 Qui
1030 2654 1178 2694 accussator
1194 2642 1237 2695 uel
1252 2641 1425 2695 denunciator
1437 2653 1556 2694 teneatur
1568 2640 1684 2709 priuatus

524 2740 550 2780 et
568 2728 621 2780 suis
639 2727 758 2780 credatur
775 2727 985 2780 accusationibus
1002 2739 1138 2798 tamquam
1157 2728 1272 2782 officiali.

561 2882 585 2937 3.
602 2867 675 2921 Item
693 2867 765 2938 quod
782 2866 871 2920 nullus
890 2867 923 2920 de
940 2867 1011 2920 dicto
1030 2867 1144 2938 collegio
1171 2879 1304 2938 presumat
1331 2867 1434 2937 tingere
1451 2865 1494 2920 uel
1513 2866 1598 2920 facere
1615 2865 1684 2935 tingi

527 2955 611 3024 pilum
630 2954 760 3008 boninum
779 2971 827 3006 nec
846 2954 962 3025 aliquem
980 2955 1080 3008 malum
1100 2955 1184 3024 pilum
1202 2972 1251 3008 nec
1264 2955 1362 3008 malam
1374 2954 1463 3008 lanam
1476 2971 1521 3024 per
1533 2971 1560 3006 se
1579 2970 1627 3006 nec
1639 2971 1685 3023 per

524 3041 640 3111 aliquam
659 3059 799 3112 personam
818 3041 851 3094 de
868 3042 974 3111 bugella
993 3059 1041 3094 nec
1059 3041 1174 3094 aliunde.
1194 3043 1227 3096 In
1247 3060 1314 3112 pena
1332 3055 1358 3094 et
1377 3043 1466 3094 banno
1484 3042 1631 3094 solidorum
1649 3040 1682 3092 X.

524 3145 566 3198 pp.
586 3145 634 3198 pro
651 3128 770 3199 quolibet
788 3141 814 3181 et
832 3129 948 3200 qualibet
966 3130 1030 3182 vice
1050 3130 1083 3181 Et
1101 3128 1168 3182 ultra
1186 3130 1238 3182 hoc
1256 3146 1302 3199 per
1325 3141 1518 3182 sacramentum
1545 3129 1684 3182 obseruare

523 3227 662 3270 teneantur
681 3217 782 3270 dicaam
800 3229 927 3270 statutum
946 3229 973 3270 et
990 3217 1041 3269 alia
1058 3216 1229 3287 suprascripta
1248 3228 1274 3269 et
1291 3215 1460 3286 infrascripta

558 3369 583 3421 4.
604 3357 673 3409 Item
692 3356 763 3425 quod
776 3355 850 3408 nulla
862 3371 972 3425 persona
984 3355 1018 3408 de
1030 3355 1134 3425 bugella
1147 3354 1190 3408 uel
1202 3355 1236 3408 de
1246 3367 1355 3408 vernato
1367 3367 1413 3408 aut
1424 3367 1495 3408 stans
1506 3353 1549 3408 uel
1562 3353 1683 3406 habitans

522 3443 551 3493 in
570 3442 675 3512 bugella
693 3443 736 3495 uel
755 3454 863 3494 vernato
882 3443 963 3511 possit
980 3459 1028 3495 nec
1046 3444 1139 3494 debent
1157 3441 1240 3494 [acere
1258 3455 1304 3494 aut
1321 3442 1405 3494 facere
1423 3441 1478 3494 lieri
1497 3457 1615 3510 pannum
1633 3457 1682 3492 nec

523 3530 625 3598 operari
644 3529 733 3582 lanam
751 3545 828 3582 causa
846 3529 958 3582 faciendi
976 3545 1094 3597 pannum
1112 3529 1163 3582 nisi
1182 3529 1253 3598 prius
1271 3529 1338 3582 iuret
1355 3530 1494 3582 obseruare
1512 3539 1607 3582 statuta
1619 3527 1682 3579 dicti

522 3615 627 3686 collegij
647 3629 673 3668 et
691 3632 752 3668 cum
771 3615 885 3685 collegio
904 3633 1018 3668 manere.
1038 3617 1070 3668 Et
1089 3617 1134 3686 qui
1153 3615 1333 3668 contrafecerit
1351 3615 1437 3668 soluat
1455 3631 1502 3684 pro
1520 3613 1639 3684 quolibet
1656 3625 1683 3666 et

523 3703 639 3772 qualibet
658 3703 730 3770 pecia
748 3703 828 3771 panni
847 3719 927 3772 quam
946 3702 1034 3755 lecerit
1052 3701 1095 3754 uel
1114 3702 1170 3754 fien'
1189 3702 1278 3755 lecerit
1295 3703 1394 3756 solidos
1412 3702 1468 3755 Lx.
1499 3718 1542 3772 pp.
1561 3701 1594 3754 Et
1612 3716 1680 3753 con-

521 3791 591 3845 sules
608 3791 671 3843 dicti
695 3789 799 3858 collegij
831 3801 969 3841 teneantur
995 3805 1041 3857 per
1067 3806 1160 3842 eorum
1177 3801 1370 3844 sacramentum
1389 3789 1630 3859 quocienscumque
1647 3790 1681 3842 ad

522 3895 615 3932 eorum
633 3876 782 3947 peruenerit
800 3877 927 3928 noticiam
946 3891 1079 3929 accussare
1097 3875 1312 3930 contrafacientes
1331 3875 1492 3930 Consulibus
1503 3876 1626 3929 comunis
1639 3877 1684 3929 bu·

550 4050 578 4102 (1)
593 4047 672 4088 sumu
685 4048 767 4101 collegii
782 4049 920 4102 drapariornrn
934 4048 955 4088 in
969 4048 1041 4088 eodem
1051 4057 1173 4088 statutorum
1182 4049 1276 4088 comunis
1286 4049 1364 4097 codice,
1375 4049 1440 4088 serina
1450 4059 1524 4098 tmen,
1538 4058 1617 4090 eunte
1627 4057 1682 4089 sunt.

521 4120 598 4159 Literae
613 4118 709 4165 initiales,
725 4121 788 4170 prima
801 4119 856 4157 tituli
871 4129 959 4171 excepta,
974 4120 1039 4156 minio
1053 4128 1128 4158 carent.

574 4190 624 4226 l'ide
640 4188 690 4226 infra
706 4189 793 4227 rubricas
807 4198 929 4227 statutorum
943 4190 1112 4240 magistrariarum
1127 4187 1225 4226 rubricam
1241 4187 1272 4240 (Ὲ)
1287 4188 1348 4240 hujus
1363 4190 1496 4228 monumenti.

549 4259 576 4312 (a)
592 4258 632 4298 llic
647 4269 729 4310 qnoque
743 4258 829 4312 singulis
843 4259 904 4311 capit.
919 4257 1010 4298 arabicos
1024 4270 1120 4298 numeros
1141 4257 1260 4309 adJeeimos.
