3926 5542
544 493 592 550 192

540 603 690 676 probauerit
707 601 751 656 uel
769 618 825 656 non
844 601 922 656 fuerit
940 615 1076 674 prosecuta
1103 615 1130 656 et
1147 602 1182 656 de
1208 603 1261 656 boc
1289 601 1471 656 fideiussorem
1492 603 1630 674 ydoneum
1647 605 1710 658 dare

540 693 633 746 debeat
651 708 666 744 a
684 707 736 761 qua
753 691 923 746 satisdatione
941 703 1080 744 excusetur
1098 692 1120 744 si
1138 692 1264 745 iurauerit
1281 707 1311 745 se
1328 691 1430 744 dictum
1448 689 1630 745 fideiussorem
1648 693 1710 745 dare

539 795 595 832 non
614 795 697 848 posse.
716 779 797 833 Saluo
816 780 888 850 quod
907 781 1024 852 predicta
1044 779 1136 834 locum
1154 795 1210 833 non
1228 779 1344 832 habeant
1361 779 1390 832 in
1403 780 1571 832 accusatione
1583 780 1710 850 dampno

540 883 599 919 rum
617 867 741 921 datorum
759 879 785 920 et
804 868 1001 938 possessionum
1020 880 1157 938 rupturum
1176 867 1220 920 uel
1238 868 1409 920 turbatorum.
1438 867 1469 926 In
1494 867 1591 937 quibus
1608 868 1710 921 casibus

540 955 660 1026 proxime
678 955 754 1009 dictis
771 955 793 1008 si
812 968 948 1009 accusator
964 955 1007 1008 uel
1026 955 1200 1008 denuntiator
1217 954 1317 1008 deferat
1328 955 1370 1024 (1)
1390 953 1434 1008 uel
1445 955 1580 1019 destiterit,
1590 967 1710 1009 ascusam

539 1043 583 1096 uel
601 1043 770 1108 denunciato,
788 1061 914 1113 expensas
933 1043 1068 1096 restituere
1086 1055 1213 1096 teneatur.
1233 1043 1267 1096 Et
1285 1059 1391 1113 presens
1419 1055 1547 1096 statutum
1573 1043 1603 1096 in
1621 1043 1710 1114 aliquo

541 1149 597 1184 non
616 1133 738 1202 derroget
756 1133 912 1201 disponente
930 1131 963 1184 de
982 1133 1064 1184 modo
1083 1131 1234 1202 procedenti
1262 1149 1340 1201 super
1367 1131 1455 1184 delicti
1483 1131 1603 1202 adulteri]
1623 1132 1710 1201 posito

541 1220 590 1272 sub
609 1221 713 1272 rubrica
732 1220 765 1272 de
789 1219 907 1290 personis
933 1236 986 1290 que
1014 1236 1134 1272 accusare
1153 1231 1263 1290 possunt
1280 1219 1338 1273 sine
1356 1233 1429 1272 metu
1449 1219 1610 1290 calompnie.
1629 1219 1710 1283 Quod

542 1319 671 1360 statutum
689 1308 717 1360 in
736 1318 825 1360 totum
844 1319 978 1360 remaneat
996 1308 1024 1360 in
1043 1308 1084 1360 sui
1104 1309 1199 1361 robore
1217 1306 1348 1360 firmitate.

544 1431 595 1515 58.
618 1429 657 1494 In
680 1427 795 1517 quibus
820 1427 943 1494 casibus
967 1427 1051 1495 filius
1076 1428 1210 1496 familias
1234 1447 1266 1495 et
1289 1431 1391 1496 maior
1413 1429 1508 1496 XIIII
1535 1429 1627 1496 annis
1649 1427 1711 1496 ba-

585 1532 720 1599 beantur
742 1556 802 1621 pro
825 1533 1011 1602 hominibus
1034 1537 1084 1601 sui
1107 1537 1185 1602 iuris
1208 1553 1241 1602 et
1263 1535 1405 1623 legitime
1429 1536 1532 1601 etatis.

579 1641 647 1694 Item
665 1651 793 1694 statutum
811 1653 858 1704 est,
878 1640 959 1702 Quod
978 1640 1089 1711 quilibet
1106 1640 1176 1694 filius
1195 1640 1308 1694 familias
1326 1653 1352 1694 et
1370 1641 1481 1711 quilibet
1492 1642 1579 1694 maior
1590 1654 1712 1711 quatuor-

544 1729 632 1782 decim
650 1729 727 1781 annis
745 1727 872 1781 habeatur
890 1745 938 1800 pro
956 1728 1068 1782 homine
1086 1728 1206 1798 legitime
1224 1729 1300 1782 etatis
1318 1740 1345 1782 et
1363 1728 1405 1782 sui
1423 1728 1487 1782 iuris
1508 1741 1534 1782 et
1552 1729 1605 1782 boc
1623 1746 1710 1800 quan-

544 1829 603 1872 tum
622 1829 651 1870 ut
669 1829 761 1874 contra
779 1817 849 1886 ipsos
868 1817 949 1888 possit
967 1817 995 1868 in
1014 1833 1184 1886 quocumque
1202 1816 1300 1870 delicto
1319 1816 1425 1888 procedi
1443 1817 1511 1870 sicut
1529 1817 1713 1888 procederetur

545 1918 637 1960 tonna
655 1905 723 1958 allos
740 1905 855 1958 maiores
873 1917 899 1958 et
917 1905 959 1958 sui
984 1905 1050 1958 iuris
1077 1919 1132 1959 tam
1151 1923 1197 1975 per
1218 1907 1291 1958 uiam
1309 1905 1490 1976 inquisitionis
1508 1922 1590 1976 quam
1608 1921 1713 1958 accusse

544 1995 601 2048 siue
619 1993 747 2046 denuntie
765 2005 791 2046 et
809 1992 1018 2046 confessionibus
1037 2005 1062 2046 et
1081 1994 1296 2064 responsionibus
1328 2010 1423 2047 eorurn
1449 1994 1478 2046 in
1505 1993 1601 2048 iuditio
1619 2005 1713 2064 sponte

545 2082 618 2136 treus
637 2082 736 2135 Coram
755 2082 885 2152 regimine
903 2083 1042 2135 occasione
1060 2083 1170 2135 alicuius
1198 2081 1319 2152 maleficii
1349 2093 1432 2134 stetur
1459 2093 1486 2134 et
1512 2081 1551 2134 eis
1568 2081 1669 2152 prosint
1686 2091 1713 2134 et

545 2181 659 2224 nocmnt
677 2181 813 2239 tamquam
831 2171 853 2222 si
872 2168 959 2222 forent
978 2169 1045 2223 facte
1063 2172 1095 2222 ab
1114 2170 1226 2222 homine
1244 2169 1364 2239 legitime
1382 2168 1458 2222 etatis
1476 2181 1502 2222 et
1519 2169 1561 2222 sui
1575 2168 1639 2222 iuris
1656 2185 1712 2222 non

545 2259 666 2311 obstante
684 2258 756 2327 quod
775 2259 854 2326 patris
873 2274 1017 2310 consensus
1038 2257 1080 2309 uel
1109 2258 1236 2310 curatoris
1263 2257 1405 2310 auctoritas
1424 2256 1452 2308 in
1471 2257 1547 2310 dictis
1565 2255 1712 2310 consessio-

546 2347 624 2399 nibus
642 2358 668 2398 et
686 2346 901 2415 responsionibus
919 2362 975 2398 non
994 2346 1174 2398 interuenerit.
1195 2347 1228 2398 Et
1246 2361 1352 2414 presens
1370 2355 1498 2397 statutum
1525 2344 1563 2396 sic
1581 2345 1623 2413 (2)
1642 2343 1712 2397 uali-

547 2435 631 2487 lidum
650 2447 676 2487 et
694 2434 824 2503 precisum
843 2449 898 2485 non
917 2435 1038 2485 obstante
1056 2433 1144 2503 aquua
1163 2433 1222 2503 lege
1240 2433 1312 2487 ciuili
1333 2431 1376 2485 uel
1395 2432 1523 2485 canonica
1549 2449 1579 2486 ac
1598 2448 1711 2486 consue-

546 2522 639 2576 tudine
657 2522 685 2574 in
704 2522 865 2574 contrarium
884 2523 1040 2591 disponente
1059 2521 1163 2584 Quibus
1191 2539 1237 2592 per
1263 2537 1369 2592 presens
1395 2530 1525 2574 statutum
1551 2519 1714 2592 intelligatur

547 2627 605 2664 esse
622 2627 654 2662 ex
672 2622 742 2663 certa
759 2610 869 2663 scientia
887 2610 1067 2680 derrogatum.

550 2769 601 2836 59.
625 2750 710 2818 Infra
733 2750 820 2839 quod
843 2769 970 2838 tempus
994 2752 1096 2838 possit
1119 2750 1159 2817 de
1182 2749 1346 2817 maleficiis
1369 2749 1437 2818 fieri
1475 2751 1634 2818 accusatio
1656 2771 1713 2816 seu

592 2858 767 2946 inquisitio.

588 2965 652 3016 [tem
671 2975 798 3016 statutum
818 2975 857 3016 cst
875 2965 947 3033 quod
966 2979 1021 3016 non
1041 2964 1123 3033 possit
1141 2979 1233 3016 accusa
1252 2963 1296 3016 uel
1314 2963 1441 3016 denuntia
1453 2963 1508 3016 dari
1522 2961 1565 3016 uel
1578 2962 1714 3033 inquisitio

550 3051 666 3114 Ionnari,
682 3052 718 3104 de
736 3052 826 3122 aliquo
845 3052 977 3105 maleficio
996 3053 1112 3106 comisso
1130 3063 1189 3121 post
1208 3069 1310 3104 annum
1328 3069 1344 3105 a
1362 3063 1481 3121 tempore
1501 3051 1608 3105 comissi
1627 3050 1713 3102 male-

550 3141 600 3210 ficij
622 3141 737 3210 Excepto
756 3141 868 3194 crimine
887 3141 940 3194 lese
958 3141 1118 3212 magestatis,
1146 3140 1225 3204 furto,
1253 3139 1364 3205 robaria,
1391 3139 1548 3204 homicidio,
1577 3139 1714 3202 adulteri0,

550 3243 649 3300 strup0,
669 3231 778 3294 incestu,
798 3241 873 3300 raptu
893 3229 1037 3298 virginum,
1056 3230 1189 3294 incendio,
1209 3229 1283 3294 salso,
1302 3230 1424 3301 captione
1442 3242 1469 3282 et
1489 3230 1678 3300 redemptione.

552 3355 604 3418 60.
630 3353 679 3418 De
702 3375 783 3440 pena
806 3352 996 3420 remittanda
1019 3371 1150 3440 propter
1172 3375 1284 3440 pacem
1308 3371 1339 3419 et
1363 3351 1612 3420 confessionem.

588 3459 657 3512 Item
676 3471 803 3512 statutum
822 3471 860 3512 est
879 3460 950 3529 quod
969 3459 991 3512 si
1010 3459 1097 3528 aliqua
1116 3476 1227 3528 persona
1246 3459 1380 3512 comiserit
1397 3457 1441 3512 uel
1460 3459 1645 3530 perpetrauerit
1663 3457 1714 3510 ali-

552 3548 623 3616 quod
643 3548 770 3602 delictum
788 3565 834 3600 seu
853 3547 1015 3601 maleficium
1034 3560 1140 3618 propter
1157 3548 1229 3618 quod
1249 3548 1351 3600 ueniret
1369 3547 1558 3618 peccuniariter
1575 3547 1716 3617 condamp

553 3637 657 3688 nandus
676 3649 703 3688 et
721 3653 812 3706 pacem
842 3635 963 3690 habuerit
981 3654 1043 3689 cum
1062 3635 1166 3690 offenso
1184 3635 1228 3689 uel
1248 3635 1388 3689 heredibus
1406 3635 1501 3690 offensi
1530 3635 1597 3690 infra
1624 3635 1716 3689 decem

552 3724 607 3776 dies
626 3741 641 3776 a
660 3737 778 3794 tempore
797 3723 952 3778 offensionis
971 3726 1091 3790 comisse,
1111 3725 1259 3778 remittatur
1277 3723 1302 3777 ei
1321 3737 1412 3795 quarta
1431 3741 1489 3795 pars
1508 3742 1583 3795 pene,
1595 3741 1648 3796 qua
1665 3741 1714 3776 ue-

552 3812 642 3865 niebat
660 3813 903 3884 condampnandus.
923 3813 1077 3867 Secundum
1096 3813 1211 3867 formam
1229 3813 1466 3884 suprascriptorum
1478 3825 1636 3867 statutorum
1649 3813 1682 3866 Et
1693 3812 1716 3865 si

552 3913 646 3970 sponte
664 3901 781 3954 consessa
801 3901 879 3954 suerit
897 3902 1024 3954 delictum
1043 3903 1076 3954 de
1095 3919 1148 3972 quo
1167 3903 1317 3972 proceditur
1335 3914 1426 3956 contra
1439 3919 1499 3955 eam
1509 3902 1656 3955 remittatur
1667 3901 1716 3953 sibi

552 3989 602 4042 alia
621 4001 712 4059 quarta
730 3989 788 4059 pars
806 4007 873 4060 pene
892 3991 1006 4060 predicte
1025 3991 1058 4043 Et
1076 4003 1178 4044 constet
1205 4008 1251 4060 per
1278 3990 1432 4061 pubblicum
1460 3991 1666 4044 instrumentum
1684 3989 1718 4042 de

553 4093 624 4147 pace,
644 4093 749 4147 presens
768 4095 832 4131 uero
851 4091 978 4132 statutum
997 4095 1053 4132 nou
1084 4079 1207 4133 uendicet
1224 4079 1275 4132 sibi
1293 4077 1383 4132 locum
1410 4078 1439 4131 in
1457 4077 1559 4132 delictis
1577 4076 1718 4148 inquibus

582 4249 609 4301 (t)
625 4249 721 4302 Differam
735 4251 756 4290 in
771 4251 812 4291 alio
826 4251 927 4306 exemplo.

582 4322 609 4373 (a)
625 4320 647 4360 ln
663 4321 704 4362 elio
719 4321 826 4377 exemplo:
840 4324 872 4362 rr't.
