3918 5554
276 657 316 712 illi
335 657 447 712 domino
466 657 541 712 cuius
558 657 608 712 erit
625 657 694 712 dicta
712 657 771 712 axia
788 656 856 712 inira
873 669 935 712 octo
953 655 1009 712 dies
1027 667 1053 712 et
1071 655 1093 710 si
1111 655 1179 711 sorte
1196 655 1281 710 dictus
1302 655 1441 710 massarius

276 745 319 798 uel
338 745 438 800 familia
455 745 574 800 nescient
591 746 666 799 cuius
684 745 733 800 erit
750 745 819 800 dicta
831 744 890 800 axia
908 745 980 815 quod
999 762 1059 798 eam
1077 755 1197 798 teneatur
1215 743 1371 814 consignare
1380 759 1442 796 cou-

274 832 375 888 sulibus
393 833 456 886 dicti
475 833 580 904 collegii
600 832 667 887 inira
685 832 786 888 dictum
804 833 949 888 terminum
967 845 1029 886 octo
1047 832 1151 886 dierum
1169 831 1260 902 etqui
1272 829 1441 886 conualaciat

274 921 361 975 soluat
379 921 498 976 bannum
517 936 564 992 pro
582 921 702 992 quolibet
719 933 745 974 et
763 921 880 992 qualibet
897 920 1044 976 ebdomada
1063 937 1115 991 qua
1124 919 1223 974 steterit
1235 919 1268 974 ad
1281 919 1440 988 consignan-

275 1010 340 1063 dum
359 1007 457 1064 dictam
475 1009 563 1064 axiam
580 1008 680 1064 solidos
700 1009 733 1062 lt

315 1149 355 1204 16.
375 1151 446 1206 Item
465 1151 537 1221 quod
556 1149 794 1221 quotienscumque
813 1148 865 1202 hoe
883 1147 1055 1202 interuenerit
1081 1147 1153 1219 quod
1180 1147 1242 1201 dieti
1261 1145 1443 1200 consulendo

278 1240 356 1293 beant
374 1239 472 1292 dictam
490 1237 577 1292 axium
597 1254 694 1308 ponere
712 1237 740 1290 in
758 1237 874 1308 collegio
892 1237 1023 1290 dictorum
1055 1236 1241 1290 massariorum
1271 1247 1297 1288 et
1316 1235 1339 1288 ei
1359 1233 1443 1288 lacere

281 1327 389 1380 reddere
407 1327 482 1380 cuius
500 1327 557 1380 erit

316 1483 356 1537 17.
375 1467 445 1522 Item
464 1479 592 1522 statutum
607 1450 637 1522 et
654 1467 806 1522 ordinatum
824 1479 863 1520 est
881 1467 953 1538 quod
972 1465 1088 1536 quelibet
1105 1481 1216 1536 persona
1246 1467 1280 1520 de
1297 1467 1369 1520 dicto
1387 1465 1439 1520 col·

279 1555 351 1626 legio
369 1555 463 1610 debeat
481 1557 588 1610 obedire
606 1557 737 1610 mandatis
755 1557 887 1610 dictomm
917 1551 1058 1610 consulum
1085 1554 1167 1624 ipsius
1193 1553 1299 1626 eollegij
1318 1553 1397 1608 licitis
1415 1553 1442 1606 in

280 1660 347 1713 pena
365 1655 392 1698 et
410 1645 500 1698 banno
517 1644 547 1698 in
565 1645 668 1700 statutis
685 1644 825 1700 contentis

317 1803 357 1858 18.
375 1805 443 1860 Item
462 1805 483 1860 si
502 1805 561 1875 quis
579 1805 612 1859 de
630 1805 701 1861 dicto
719 1805 835 1879 collegio
861 1809 956 1865 dixerit
986 1809 1103 1882 aliquam
1132 1805 1258 1862 iniuriam
1293 1805 1336 1860 uel
1355 1805 1444 1860 lecerit

278 1893 382 1946 consuli
400 1892 463 1948 dicti
482 1893 588 1964 collegii
606 1894 664 1948 siue
682 1896 789 1965 paratici
816 1899 952 1968 operando
982 1897 1102 1952 officium
1129 1897 1170 1951 sui
1188 1895 1341 1952 consulatus
1358 1895 1444 1950 soluat

283 1982 401 2036 bannum
420 1998 468 2052 pro
485 1981 604 2052 quolibet
622 1995 648 2038 et
666 1983 782 2053 qualibet
800 1985 857 2040 vice
875 1986 1023 2042 solidorum
1041 1986 1073 2040 x.

321 2155 359 2210 19.
379 2141 446 2194 Item
464 2153 591 2196 statutum
623 2153 649 2195 et
679 2143 831 2198 ordinatum
861 2156 900 2199 est
929 2146 1001 2215 quod
1032 2144 1119 2216 aliqua
1149 2158 1260 2214 persona
1278 2159 1333 2196 non
1352 2142 1445 2196 debeat

285 2228 384 2298 aliquid
402 2229 488 2282 dicere
506 2230 534 2284 in
553 2229 668 2301 collegio
691 2248 771 2302 quam
790 2233 912 2286 eonsules
930 2233 1048 2303 ipsorum
1067 2232 1110 2286 uel
1123 2231 1188 2286 alter
1199 2248 1232 2284 ex
1244 2231 1396 2285 consulibus
1408 2231 1446 2284 eis

283 2317 406 2386 proponit
424 2317 532 2389 aliquod
551 2331 596 2372 aut
615 2319 670 2390 ipse
687 2319 730 2374 uel
749 2321 817 2374 alius
834 2322 898 2375 dicit
915 2321 1023 2392 aliquod
1042 2321 1070 2374 in
1089 2319 1226 2374 consulem
1239 2321 1323 2391 etqui
1335 2331 1443 2373 eontra·

285 2404 374 2459 lecerit
392 2406 478 2460 soluat
488 2408 614 2486 bannum
634 2423 681 2478 pro
699 2407 818 2479 quolibet
836 2421 862 2463 et
880 2409 996 2482 qualibet
1014 2409 1071 2464 vice
1088 2408 1236 2464 solidorum
1254 2408 1287 2462 ll.

319 2581 360 2620 20.
379 2567 446 2620 ltem
465 2569 537 2639 quod
555 2567 646 2623 nullus
663 2570 697 2624 de
714 2570 786 2624 dicto
803 2570 919 2642 collegio
936 2571 1030 2626 debeat
1048 2571 1169 2625 meedere
1186 2569 1220 2624 de
1237 2569 1309 2623 dicto
1332 2565 1447 2638 collegio

284 2671 366 2725 usque
384 2655 455 2725 quod
474 2655 592 2710 notarius
610 2657 691 2728 ipsius
708 2657 815 2728 collegii
833 2657 963 2730 scripserit
981 2671 1007 2714 et
1026 2657 1119 2730 legerit
1136 2659 1164 2712 id
1182 2657 1254 2730 quod
1278 2655 1444 2711 ordinabitur

283 2740 310 2794 in
329 2743 400 2796 dicto
419 2743 533 2813 collegio
551 2746 599 2798 sub
618 2746 707 2800 banno
725 2745 872 2802 solidorum
891 2747 926 2802 11.
946 2747 1119 2819 papiensium

320 2915 362 2956 21.
381 2901 448 2957 ltem
467 2915 594 2958 statutum
613 2916 640 2958 et
658 2903 810 2960 ordinatum
829 2917 868 2960 eet
886 2905 919 2960 ad
938 2904 1034 2960 festum
1052 2905 1135 2959 macti
1154 2903 1281 2974 Stephani
1312 2903 1384 2973 quod
1410 2913 1449 2956 est

284 2990 317 3043 de
334 3007 427 3044 mense
444 2992 549 3062 augusti
567 2992 661 3046 debeat
691 2993 788 3048 deuote
817 2993 941 3048 celebrari
968 3011 983 3047 a
1013 2993 1085 3048 dicto
1115 2991 1230 3062 collegio
1260 2991 1448 3044 massariorum

284 3090 311 3131 et
328 3078 400 3149 quod
419 3095 475 3133 non
502 3080 595 3134 debeat
624 3081 742 3136 laborare
768 3097 817 3136 nee
848 3080 966 3136 laborare
993 3079 1077 3135 lacere
1095 3081 1143 3134 sub
1162 3095 1229 3150 pena
1249 3091 1275 3134 et
1294 3080 1384 3134 muno
1402 3093 1450 3150 pro

284 3167 403 3237 quolibet
421 3167 568 3222 solidorum
586 3167 648 3223 XX
667 3182 693 3223 et
712 3169 804 3224 consul
823 3181 943 3224 teneatur
961 3169 1101 3241 inquirere

323 3343 365 3382 22.
384 3328 452 3382 ltem
471 3329 543 3400 quod
562 3329 678 3400 quelibet
697 3345 808 3400 persona
826 3329 859 3382 de
877 3328 949 3384 dicto
967 3329 1082 3400 collegio
1100 3340 1221 3383 teneatur
1238 3339 1264 3382 et
1293 3329 1386 3384 debeat
1405 3327 1449 3385 illa

286 3417 329 3470 die
347 3417 436 3470 vertite
454 3417 487 3470 ad
506 3417 614 3470 missam
632 3417 660 3470 in
680 3417 788 3470 ecclesia
807 3417 890 3471 sancti
909 3417 1036 3489 Stephani
1063 3429 1089 3470 et
1117 3416 1152 3470 ibi
1184 3433 1349 3486 perseuerare
1367 3433 1450 3488 usque

286 3506 358 3576 quod
376 3505 446 3558 dicta
465 3505 543 3558 missa
562 3504 690 3558 celebrata
709 3503 787 3560 luerit
804 3517 830 3560 et
848 3505 894 3578 qui
913 3505 1095 3560 contraiecerit
1112 3502 1199 3558 soluat
1218 3505 1336 3558 bannum
1354 3503 1450 3558 solido

287 3609 346 3646 rum
364 3592 397 3648 x.

323 3749 365 3802 23.
385 3735 452 3789 ltem
471 3734 543 3806 quod
561 3733 683 3788 consules
701 3733 764 3788 dicti
782 3733 887 3804 collegii
908 3734 1021 3788 debeant
1038 3734 1177 3790 annuatim
1196 3735 1228 3788 ad
1241 3735 1342 3788 dictum
1355 3733 1450 3788 festum

286 3823 383 3876 habere
401 3839 485 3876 unum
505 3837 611 3876 cereum
629 3821 663 3876 de
681 3821 746 3876 libra
764 3823 885 3892 expensis
903 3821 1008 3894 collegii
1038 3835 1065 3876 et
1095 3840 1157 3876 eum
1189 3821 1284 3876 offerre
1302 3823 1334 3876 ad
1353 3822 1451 3876 dictam

286 3912 395 3966 missam
414 3923 440 3964 et
458 3909 569 3981 quilibet
587 3909 773 3964 massariomm
792 3921 912 3964 teneatur
929 3927 992 3964 eum
1011 3909 1087 3964 dictis
1105 3909 1257 3964 consulibus
1275 3911 1314 3964 ire
1331 3909 1451 3964 oblatum

286 3999 435 4054 addictam
454 3998 562 4053 missam
581 3997 609 4051 in
628 3999 717 4052 banno
736 4014 783 4068 pro
801 3998 920 4068 quolibet
939 3998 1087 4052 solidorum
1106 3997 1139 4052 V.

325 4173 365 4224 24.
385 4159 451 4213 ltem
470 4157 543 4229 quod
561 4155 671 4228 quilibet
689 4156 876 4211 massariomm
898 4157 992 4210 debeat
1021 4155 1066 4210 illa
1093 4157 1137 4210 die
1163 4169 1230 4210 stare
1249 4157 1281 4210 ad
1300 4156 1451 4210 laciendum

288 4245 383 4302 festum
401 4263 464 4302 cum
480 4245 556 4300 dictis
573 4244 727 4298 consulibus
744 4245 890 4298 secundum
916 4243 988 4316 quod
1016 4244 1180 4298 ordinabitur
1208 4261 1252 4314 per
1272 4245 1372 4298 datum
1390 4245 1450 4300 col·

288 4334 388 4404 legium
406 4335 434 4388 in
455 4336 543 4388 banno
562 4351 609 4404 pro
627 4331 745 4403 quolibet
764 4331 910 4388 solidorum
929 4330 961 4386 x.
