3918 5554
270 701 311 756 59.
329 685 397 740 Item
416 695 544 740 statutum
563 683 694 756 estquod
713 682 761 738 llic
778 683 912 738 beccarius
930 681 976 754 qui
994 693 1093 736 vetaret
1111 681 1274 736 Consulibus
1297 694 1324 736 ct
1347 681 1401 736 illis

233 773 279 844 qui
298 785 385 828 essent
402 773 435 828 ad
457 773 617 844 peticionem
639 787 734 826 eorum
752 787 830 826 ceusu
848 769 1000 843 inquirendi
1018 769 1119 841 aliquas
1137 771 1232 824 bestias
1250 769 1354 824 farcitas
1372 771 1400 824 in

232 860 373 932 Rognonis
391 861 434 914 uel
453 859 556 915 inflatas
574 875 636 915 curn
654 876 701 915 ore
718 859 805 914 soluat
822 857 922 914 solidos
940 857 973 914 tt
992 857 1166 930 papiensium
1188 857 1222 912 Et
1253 859 1325 928 quod
1356 857 1402 912 ille

233 948 365 1002 becmrius
383 947 426 1002 cui
445 947 609 1002 inueniretur
627 947 696 1002 dicta
714 947 796 1002 bestia
815 945 858 1000 uel
876 945 959 1000 bestie
976 945 1063 1000 soluat
1077 945 1196 1000 bannum
1208 944 1355 999 solidorum
1368 943 1401 998 X.

231 1035 397 1108 papiensium
415 1053 464 1106 pro
481 1035 598 1108 qualibet
615 1035 698 1090 bestie
716 1033 759 1088 uei
777 1033 893 1088 farcisset
910 1034 953 1089 uel
972 1032 1088 1088 inflasset
1107 1049 1169 1088 cum
1188 1049 1234 1088 ore
1262 1032 1305 1086 vel
1335 1031 1402 1086 ullas

232 1123 335 1179 fecisset
352 1123 381 1179 in
399 1123 539 1196 Rognonis
557 1123 600 1178 uel
619 1123 668 1178 feci
687 1123 783 1178 faceret
800 1121 893 1178 Soluat
912 1123 1031 1178 bannum
1049 1121 1237 1194 supradictum.

268 1297 312 1354 60.
330 1299 361 1354 ln
380 1298 492 1354 nomine
509 1297 613 1354 domini
632 1315 719 1353 amen.
739 1299 821 1354 Anno
839 1297 985 1352 natiuitatis
1003 1297 1123 1352 eiusdem
1141 1295 1285 1352 Millesimo
1304 1307 1403 1350 trecen·

233 1385 331 1443 tesimo
350 1387 484 1442 tricesimo
503 1387 598 1460 primo.
616 1387 755 1444 indicione
772 1385 869 1458 xmp·
894 1385 938 1442 die
965 1385 1087 1458 xxan.
1114 1385 1214 1440 mensis
1243 1385 1339 1458 aprilis.
1371 1383 1403 1438 ln

234 1475 328 1531 Castro
346 1475 495 1548 Episcopali
513 1475 623 1548 bugelle
641 1475 804 1548 presentibus
833 1474 944 1530 tectibus
970 1473 1164 1529 venerabilibus
1194 1473 1256 1528 viris
1283 1471 1402 1529 dominis

233 1563 348 1618 Eusebio
367 1563 401 1618 de
419 1563 562 1619 Tromano
581 1563 682 1618 maiore
699 1563 815 1618 Ecclesie
838 1561 1005 1618 vercellensis
1035 1561 1177 1618 Thenaldo
1207 1561 1241 1616 de
1269 1559 1403 1632 placencia

234 1651 368 1723 preposito
385 1651 501 1724 Rodobij
520 1667 551 1706 ac
569 1649 756 1706 Guillielmino
774 1651 808 1705 de
826 1649 954 1722 Cognolis
972 1649 1076 1722 vicariis
1094 1649 1198 1706 domini
1216 1647 1339 1720 Episcopi
1363 1649 1402 1702 in·

234 1738 370 1810 fmscripti.
389 1739 482 1812 Ibique
499 1739 672 1794 Reuerendus
689 1739 717 1794 in
743 1739 822 1794 cristo
851 1751 924 1810 peter
953 1739 1080 1794 dominus
1106 1737 1274 1793 Lombardus
1305 1737 1349 1791 dei
1380 1749 1406 1790 et

234 1826 378 1898 apostolice
396 1829 465 1882 sedis
483 1829 567 1900 gratis
585 1827 730 1899 Episcopus
748 1826 914 1882 vercellensis
931 1839 958 1882 ct
977 1827 1077 1882 Comes
1095 1827 1212 1882 attribuit
1231 1839 1257 1880 et
1276 1823 1404 1880 concessit

234 1914 340 1986 prefatis
358 1914 521 1970 Consulibus
539 1915 663 1987 Collegio
682 1928 709 1970 et
727 1916 850 1987 becrarijs
868 1915 932 1969 dicti
950 1914 1066 1987 Collegij
1086 1914 1208 1969 becharie
1219 1913 1404 1968 bechariorum

234 2003 268 2054 de
286 2001 396 2072 Bugella
414 2015 442 2056 vt
459 2003 614 2058 auctoritate
633 2003 714 2073 ipsius
733 2003 836 2056 domini
855 2002 977 2074 Episcopi
995 2003 1054 2056 sine
1071 2014 1162 2056 tamen
1193 2001 1275 2072 ipsius
1301 1999 1405 2054 domini

234 2089 357 2162 Episcopi
377 2090 419 2144 uel
437 2090 533 2162 judicis
551 2107 597 2145 seu
616 2089 771 2145 officialium
791 2090 873 2160 ipsius
892 2088 1067 2161 requisicione
1080 2089 1181 2160 possint
1193 2089 1242 2160 ipsi
1256 2099 1282 2141 et
1295 2086 1406 2159 quilibet

235 2178 355 2248 ipsorum
374 2178 491 2249 accipere
508 2189 535 2233 et
552 2177 655 2233 auferre
672 2194 763 2233 carnes
781 2193 833 2250 que
851 2178 1027 2232 venderentur
1045 2190 1136 2232 contra
1149 2193 1243 2231 eorum
1257 2174 1405 2248 priuillegia

237 2277 264 2320 et
282 2277 386 2321 statuta
406 2267 564 2322 Dummodo
583 2268 651 2338 ipsas
669 2283 760 2320 carnes
778 2283 808 2320 er
827 2265 870 2319 die
888 2281 940 2336 qua
959 2263 1027 2336 ipsas
1046 2265 1192 2336 acciperent
1211 2263 1254 2318 uel
1285 2261 1405 2334 sequenti

236 2353 257 2407 si
276 2371 320 2408 eas
338 2355 488 2426 acciperent
506 2355 533 2408 in
552 2371 611 2410 sero
630 2354 790 2426 consignent
808 2353 856 2424 ipsi
876 2341 989 2408 domino
1007 2353 1138 2425 Episcopo
1158 2349 1200 2406 uel
1219 2353 1277 2406 eius
1306 2351 1406 2405 vicario

235 2441 301 2514 ipsis
320 2443 442 2498 carnibus
459 2443 653 2498 nichilominus
670 2442 823 2497 cedentibus
841 2441 916 2496 lucro
942 2442 1120 2513 predictorum
1151 2440 1339 2496 becceriorum.
1367 2438 1405 2492 lta

235 2543 325 2585 tamer
344 2531 416 2602 quod
436 2533 555 2586 bannum
573 2530 602 2584 in
635 2529 791 2602 priuillegijs
819 2541 976 2585 contentum
1003 2529 1075 2602 quod
1103 2541 1142 2585 est
1172 2528 1320 2584 solidorum
1350 2525 1406 2582 Lx.

236 2619 373 2690 perueniat
391 2619 419 2673 in
438 2619 581 2674 dominum
600 2617 761 2690 Episcopum
784 2617 981 2673 vercellensem

272 2706 305 2760 Et
323 2721 375 2778 ego
394 2705 524 2762 Martinus
541 2705 655 2762 cumulis
675 2719 723 2761 etc

271 2877 315 2934 61.
334 2878 402 2934 Item
420 2891 548 2934 statutum
567 2880 696 2952 estquod
724 2846 819 2952 uliquis
837 2879 970 2935 bercarius
988 2897 1044 2936 non
1063 2893 1134 2936 emrt
1154 2896 1204 2935 nec
1222 2877 1298 2934 faciat
1316 2895 1405 2934 emere

236 2983 286 3022 nec
304 2979 386 3040 ponat
404 2984 453 3022 nec
471 2967 588 3023 dimittat
605 2967 670 3040 poni
687 2967 721 3022 ad
739 2984 818 3022 suum
829 2968 964 3022 banchum
976 2968 1020 3022 uel
1032 2969 1075 3022 vbi
1089 2969 1185 3022 vendat
1198 2985 1289 3022 cernes
1301 2967 1405 3038 aliquos

237 3073 321 3128 agnos
340 3055 383 3110 uel
402 3057 499 3111 edosa
528 3071 604 3128 pasca
632 3055 829 3110 resurrectionis
856 3071 939 3128 usque
966 3057 999 3110 ad
1029 3055 1130 3110 exitum
1152 3056 1198 3126 qui
1217 3056 1279 3124 agni
1299 3055 1342 3108 uel
1361 3057 1402 3109 edi

237 3143 334 3200 fuen'nt
352 3145 435 3216 empti
453 3157 526 3200 extra
544 3157 631 3216 porms
650 3143 725 3216 placij
746 3143 796 3198 nisi
816 3143 844 3198 in
863 3144 906 3199 die
936 3143 1042 3198 Sabbati
1069 3157 1095 3198 ct
1122 3144 1150 3197 in
1169 3145 1212 3197 die
1231 3143 1352 3214 mercurij
1374 3143 1406 3198 Et

237 3231 283 3304 qui
302 3233 484 3288 contrafecerit
502 3233 545 3288 uel
564 3233 610 3304 qui
629 3231 705 3287 fuerit
725 3233 850 3286 inuentus
868 3231 901 3286 ad
919 3248 998 3286 suurn
1026 3231 1159 3286 bruchum
1187 3231 1228 3286 vei
1247 3231 1291 3286 vbi
1310 3231 1405 3286 vendat

237 3336 328 3376 carnes
346 3334 373 3376 ct
391 3321 436 3393 qui
456 3322 489 3376 de
507 3321 569 3392 ipsis
587 3320 708 3376 habuerit
726 3319 835 3392 aliquod
854 3319 958 3374 lucrum
976 3318 1069 3375 Solum
1088 3335 1136 3392 pro
1153 3318 1273 3393 quolibet
1291 3319 1406 3392 Crpreto

238 3409 281 3464 uel
300 3425 348 3480 pro
366 3409 485 3482 quolibet
503 3425 576 3483 agno
593 3409 693 3465 solidos
711 3407 744 3464 V.
769 3408 945 3480 papiensium.

275 3583 318 3638 62.
337 3583 405 3638 ltem
424 3597 551 3640 statutum
570 3597 596 3640 ct
614 3585 767 3640 ordinatum
785 3585 915 3655 estquod
933 3583 1022 3638 nullus
1041 3583 1174 3638 boccarius
1185 3583 1231 3656 qui
1243 3583 1276 3638 sit
1295 3583 1328 3636 de
1346 3583 1407 3638 Col·

238 3670 310 3742 legio
329 3673 511 3727 beccariorum
529 3673 646 3727 beccerie
665 3671 776 3744 bugelle
794 3689 849 3726 non
869 3672 962 3726 debeat
980 3671 1042 3726 dare
1060 3671 1189 3726 auxilium
1202 3669 1344 3726 consilium
1363 3670 1408 3724 uel

237 3759 358 3814 fauorem
377 3759 455 3814 alicui
474 3759 520 3831 qui
538 3761 634 3816 vendat
652 3777 743 3815 carnes
761 3773 852 3814 contra
870 3771 965 3816 statuta
984 3759 1087 3814 domini
1101 3759 1224 3830 Episcopi
1243 3759 1409 3813 vercellensis

238 3847 281 3902 uel
301 3847 416 3919 Collegij
438 3849 616 3904 beccariorum
636 3847 753 3902 beccerie
771 3847 882 3918 Bugelle
900 3847 942 3902 uel
962 3848 1008 3919 qui
1027 3860 1094 3901 esset
1112 3847 1217 3901 rebellis
1234 3846 1340 3916 collegii
1352 3847 1409 3900 bec·

238 3935 307 3988 carie
326 3952 375 3990 nec
393 3935 545 4006 permittere
564 3936 697 3990 excoriare
714 3935 815 4007 aliquas
835 3935 929 3989 bestias
948 3935 980 3989 ad
999 3950 1078 3989 suum
1097 3933 1231 3988 brochum
1250 3951 1298 3988 noc
1312 3935 1408 3988 habere

238 4023 392 4078 societatem
412 4039 461 4077 nec
480 4023 669 4078 merchsndare
687 4039 749 4078 cum
768 4041 809 4077 eo.
829 4023 863 4076 Et
880 4022 926 4093 qui
939 4022 1121 4078 contrafecerit
1133 4023 1219 4076 soluat
1231 4038 1279 4092 pro
1291 4021 1408 4093 qualibet

238 4110 382 4165 bestiamm
401 4123 427 4166 et
446 4109 565 4182 quelibet
583 4111 639 4165 vice
657 4111 757 4166 solidos
776 4109 834 4165 xx
854 4110 1028 4182 papiensium.
1048 4109 1080 4164 Et
1098 4111 1144 4180 qui
1163 4108 1345 4164 contrafecerit
1363 4121 1406 4162 te-

239 4209 334 4252 nentur
351 4199 491 4254 accorrhrc
509 4197 577 4254 infra
595 4211 656 4252 octo
675 4197 731 4252 dier
749 4210 889 4270 postquam
909 4197 986 4252 fuerit
1009 4210 1144 4252 accusatus
1163 4196 1205 4250 uel
1224 4197 1406 4252 denunciatus.

239 4285 271 4338 Et
290 4287 336 4357 qui
355 4303 412 4350 nou
430 4287 608 4342 accordauerit
626 4286 759 4342 Consules
776 4297 916 4341 teneantur
934 4286 1005 4356 ipsos
1031 4285 1248 4340 contrafacientes
1267 4285 1407 4356 pignorare

242 4371 332 4446 elapso
350 4375 467 4432 termino
485 4388 547 4433 octo
565 4375 668 4432 dierum
687 4391 733 4448 per
750 4391 845 4432 eorum
864 4376 1053 4447 juramentum
