3926 5542
1368 469 1417 524 ι77

254 615 303 680 14.
328 595 377 662 De
400 615 482 682 peua
504 593 702 662 trahencium
725 593 766 662 ad
788 595 888 662 rixam
911 594 963 662 uel
986 615 1162 664 rumorem.

285 719 357 772 Item
374 729 503 771 statutum
521 719 649 788 estquod
668 717 750 789 siquis
767 719 873 772 traxerit
892 719 934 773 uel
953 719 1083 772 cucurerit
1101 719 1134 774 ad
1152 719 1270 790 aliquem
1280 735 1416 773 rumorem

249 823 296 860 seu
315 805 398 858 rixam
417 806 541 875 puniatur
558 807 600 876 (r)
619 805 694 870 inlra,
712 805 834 860 videlicet
851 808 923 878 quod
936 807 957 860 si
970 808 1075 861 traxerit
1087 807 1120 862 ad
1132 823 1268 862 utmorem
1281 806 1324 860 uel
1334 806 1418 860 rixam

251 910 312 946 curn
331 893 424 958 lancia,
443 893 568 964 puniatur
585 894 613 947 in
632 893 713 958 libris,
723 893 944 966 vigintiquinque,
954 895 976 948 si
995 911 1057 948 curn
1076 911 1139 950 ense
1152 895 1293 966 euaginata
1306 894 1420 948 inlibris

252 981 354 1052 viginti.
373 981 401 1036 si
420 997 482 1035 curn
501 980 591 1052 gladio
609 982 752 1052 euaginato
770 982 801 1035 ln
821 981 893 1036 libris
911 983 1075 1054 quindecim,
1091 983 1120 1036 Si
1138 1000 1201 1038 cum
1213 982 1304 1054 aliquo
1322 999 1420 1054 genere

252 1085 397 1135 armorum,
415 1070 445 1122 ln
464 1069 537 1122 libris
555 1069 656 1124 decern.
675 1069 703 1122 Si
723 1085 787 1123 uero
806 1070 863 1123 sine
881 1070 962 1124 armis
981 1081 1007 1123 et
1026 1070 1196 1124 substinuerit
1209 1070 1325 1142 aliquem
1338 1069 1381 1124 uel
1395 1069 1419 1122 ei

252 1158 381 1212 auxilium
399 1158 500 1212 dederit
511 1175 545 1211 ex
556 1157 711 1212 facientibus
723 1174 859 1212 rumorem
872 1175 918 1212 seu
937 1159 1021 1212 rixam
1036 1159 1159 1228 puniatur
1170 1159 1199 1212 in
1212 1157 1286 1212 libris
1299 1159 1420 1230 quinque

253 1246 426 1318 papiensium.
436 1245 464 1300 Si
474 1257 564 1300 autem
573 1246 623 1300 iret
632 1262 693 1300 cum
703 1247 783 1300 armis
792 1247 850 1300 sine
858 1247 986 1316 annis(2)
991 1263 1068 1300 causa
1078 1245 1187 1300 sedendi
1195 1245 1237 1300 uel
1245 1245 1419 1316 extinguendi

253 1351 389 1389 rumorem
400 1333 445 1388 uel
457 1335 541 1388 rixam
553 1334 627 1388 nulla
640 1352 707 1406 pena
718 1335 849 1405 puniatur.
859 1335 893 1388 Et
902 1351 1007 1406 presens
1019 1347 1147 1388 statutum
1162 1350 1218 1388 non
1232 1335 1357 1388 uendicet
1369 1333 1420 1388 sibi

253 1421 352 1488 locum,
370 1423 401 1476 ln
420 1421 472 1476 illis
489 1422 536 1494 qui
554 1421 688 1476 traherent
706 1423 738 1476 ad
757 1423 841 1476 rixam
854 1421 898 1476 uel
911 1439 1046 1476 rumorem
1059 1423 1092 1476 ad
1104 1421 1261 1476 instanciam
1274 1421 1318 1476 uel
1332 1421 1416 1492 requi·

253 1511 378 1566 sitionem
390 1510 494 1566 domini
504 1511 639 1581 potestatis
650 1510 738 1582 vicarij
753 1509 918 1574 collateralis,
930 1511 1037 1580 clauarij
1051 1521 1077 1564 et
1090 1509 1241 1564 Consulum
1253 1509 1297 1564 uel
1310 1509 1417 1564 alterius

254 1597 373 1668 ipsorum
391 1597 433 1651 uel
452 1599 498 1669 qui
516 1597 592 1652 aliter
609 1597 743 1651 traherent
761 1615 809 1668 pro
827 1599 916 1652 dando
934 1598 1064 1652 auxilium
1083 1597 1140 1651 siue
1158 1596 1278 1652 fauorem
1297 1597 1419 1668 predictis

254 1686 371 1740 dominis
390 1686 533 1740 rectoribus
552 1685 595 1740 uel
614 1687 771 1740 officialibus
789 1687 817 1741 in
836 1685 958 1741 iaciendo
977 1699 1004 1740 et
1022 1687 1169 1741 exercendo
1188 1701 1282 1740 eorum
1300 1685 1419 1740 officium

255 1791 301 1826 seu
319 1773 438 1844 regimen
457 1773 500 1826 uel
519 1773 571 1828 nisi
589 1772 656 1828 ioret
675 1775 808 1846 pulsatum
826 1775 859 1828 ad
875 1775 1025 1830 stonnitam
1037 1791 1100 1830 cum
1112 1791 1240 1845 campana
1252 1773 1375 1828 comunis
1387 1773 1420 1826 de

255 1861 383 1914 mandato
401 1863 578 1932 predictorum
597 1862 752 1916 officialium
771 1862 814 1916 uel
833 1862 940 1917 alterius
958 1863 1076 1934 ipsorum
1097 1863 1128 1917 ln
1148 1863 1244 1935 quibus
1262 1863 1365 1916 casibus
1382 1861 1420 1915 sic

254 1949 395 2019 exceptatis
413 1949 490 2004 liceat
508 1951 652 2022 unicuique
670 1951 780 2021 impune
797 1951 900 2004 trahere
918 1963 944 2005 et
962 1967 1065 2004 currere
1083 1967 1145 2004 cum
1158 1950 1239 2004 annis
1251 1961 1277 2004 et
1289 1950 1354 2014 sine,
1366 1949 1416 2003 lor·

255 2038 306 2090 mis
324 2038 624 2110 sacramentaliumque
642 2050 841 2093 consueuerunt
859 2037 966 2110 prestari
985 2055 1031 2110 per
1049 2037 1173 2092 homines
1192 2037 1302 2110 bugelle
1321 2037 1348 2092 in
1368 2053 1411 2090 ma

254 2127 333 2180 nibus
351 2127 455 2181 domini
472 2127 579 2200 clauarij
600 2127 799 2182 remanentibus
817 2127 845 2181 in
866 2143 916 2180 suo
935 2127 1030 2180 robore
1048 2125 1187 2180 firmitatis.

259 2341 307 2408 15.
331 2321 381 2388 De
404 2341 487 2410 pena
509 2319 652 2388 facientis
676 2337 834 2388 strumum
858 2317 910 2387 uel
932 2317 1117 2388 tumultum.

290 2447 356 2500 ltem
375 2457 502 2499 statutum
522 2457 561 2498 est
579 2445 651 2516 quod
670 2445 691 2498 si
704 2445 763 2515 quis
775 2443 931 2498 hominibus
943 2443 1097 2498 coadunatis
1110 2459 1172 2498 cum
1185 2443 1265 2497 amns
1278 2457 1422 2514 appensate

255 2535 364 2588 iecerint
381 2545 513 2588 strumum
532 2549 578 2586 seu
606 2531 754 2586 tumultum
780 2533 809 2586 in
839 2545 907 2586 terra
936 2531 1041 2602 bugelle
1066 2533 1278 2602 condempnetur
1296 2533 1324 2586 in
1343 2531 1416 2586 libris

255 2635 363 2676 centum
382 2622 546 2694 papiensium
565 2636 613 2690 pro
631 2620 750 2691 quolibet
764 2621 913 2675 dummodo
926 2622 987 2686 sint,
998 2637 1081 2692 usque
1093 2621 1125 2674 ad
1138 2621 1231 2674 decem
1245 2619 1315 2674 uela
1328 2621 1420 2674 decem

256 2727 340 2779 supra.
360 2710 387 2762 Si
407 2726 471 2763 uero
490 2709 628 2762 occasione
647 2708 710 2760 dicti
722 2709 815 2761 strumi
829 2720 895 2762 terra
909 2708 1014 2778 bugelle
1029 2709 1086 2762 siue
1099 2708 1212 2779 populus
1224 2721 1291 2762 terre
1305 2709 1419 2778 predicte

257 2798 299 2848 uel
319 2797 404 2848 maior
423 2814 480 2865 pars
498 2797 579 2866 ipsius
599 2807 752 2848 moueretur
764 2797 796 2849 ad
808 2813 881 2850 arma
893 2795 935 2850 uel
949 2797 1066 2850 tumulto
1079 2796 1290 2866 condempnetur
1303 2795 1423 2866 inceptor

257 2884 319 2936 dicti
338 2885 431 2936 strumi
449 2885 506 2938 siue
524 2884 671 2954 inceptores
690 2901 737 2953 pro
755 2885 874 2953 quolibet
892 2897 917 2936 et
935 2885 1052 2955 qualibet
1071 2885 1137 2946 uice,
1151 2885 1181 2937 ln
1194 2883 1302 2937 florenis
1314 2897 1421 2938 centum

257 2970 313 3022 auri
333 2970 466 3024 soluendis
485 2971 600 3025 claunrio
619 2972 741 3024 comunis
761 2971 826 3024 inlra
845 2973 990 3025 temtinum
1009 2973 1058 3025 sibi
1087 2971 1277 3042 assignandum
1307 2970 1334 3024 in
1353 2988 1421 3024 con·

257 3057 446 3127 dampnatione
464 3059 497 3111 de
515 3059 578 3127 ipsis
597 3057 682 3112 fienda
701 3076 768 3128 quos
787 3059 807 3110 si
828 3074 883 3110 non
902 3057 1011 3111 soluerit
1029 3058 1096 3112 inira
1115 3057 1260 3111 terminum
1284 3058 1333 3110 sibi
1353 3059 1420 3110 assi·

258 3145 395 3216 gnandum
414 3157 564 3214 amputetur
582 3146 631 3198 sibi
650 3163 703 3198 una
722 3163 824 3199 manus.
846 3145 899 3214 Alij
921 3161 985 3198 ueto
1003 3157 1142 3216 sequentes
1172 3145 1256 3198 dictos
1275 3145 1421 3214 inceptores

258 3234 470 3286 condemnentur
487 3233 595 3287 arbitrio
613 3235 786 3287 dominorum
806 3232 942 3304 potestatis
960 3231 1066 3302 clauarij
1086 3244 1112 3286 et
1131 3233 1280 3286 consulum.
1308 3233 1337 3286 Si
1357 3249 1421 3286 uero

259 3319 355 3374 luerint
373 3321 508 3391 pauciores
526 3337 607 3392 quarn
626 3323 717 3376 decem
736 3333 762 3374 et
781 3321 910 3374 tumultus
928 3336 984 3374 non
1002 3319 1080 3374 fuerit
1098 3331 1202 3374 secutus
1216 3321 1243 3375 in
1263 3319 1362 3392 populo
1381 3337 1422 3374 oc-

258 3409 364 3464 casione
382 3409 444 3462 dicti
463 3410 557 3463 strumi
575 3409 786 3480 condampnetur
803 3409 911 3462 arbitrio
929 3409 1033 3464 domiui
1054 3409 1197 3481 potestatis,
1216 3407 1331 3480 Clauarij
1352 3409 1422 3464 Cort-

257 3497 399 3570 sulumque
417 3497 534 3568 inspecta
552 3496 677 3568 qualitate
696 3513 866 3568 personarum
885 3509 910 3552 et
929 3497 998 3552 iacti.

263 3677 311 3744 16.
335 3675 385 3742 De
408 3694 491 3764 pena
513 3674 709 3740 comittentis
733 3673 946 3762 parricidium.

294 3802 360 3855 ltetu
379 3811 507 3854 statutum
525 3799 653 3870 estquod
672 3799 694 3851 si
713 3799 772 3869 quis
791 3798 832 3852 uel
852 3800 872 3852 si
893 3816 944 3869 qua
964 3797 1132 3868 parricidium
1163 3796 1297 3850 comiserit
1316 3797 1418 3850 Strati·

259 3901 335 3942 netur
352 3887 385 3942 ad
404 3887 516 3942 caudam
534 3887 595 3958 equi
613 3882 680 3940 a'sini
700 3887 742 3940 uel
762 3887 828 3940 muli
848 3887 981 3958 usquead
1002 3885 1090 3939 locum
1110 3885 1211 3938 iusticie
1226 3897 1251 3939 et
1271 3885 1370 3940 ibidem
1390 3886 1422 3938 ad

259 3975 361 4029 surches
376 3975 473 4046 laqueo
490 3974 663 4045 suspendatur
681 3975 716 4028 ita
735 3987 760 4028 et
779 3975 865 4028 taliter
882 3975 954 4045 quod
974 3973 1077 4044 penitus
1095 3973 1230 4026 moriatur.

288 4202 319 4252 lt)
332 4201 353 4242 ln
368 4203 460 4256 esempio
475 4201 595 4242 chartaceor
610 4209 644 4240 at:
658 4201 749 4241 additum
763 4211 802 4242 est.

288 4275 319 4324 (ι)
334 4272 412 4312 Verba:
427 4273 470 4312 sm
484 4287 556 4312 unu:
571 4273 641 4312 &suni
656 4273 676 4312 ln
691 4273 783 4326 exemplu
798 4271 912 4312 charietto.

314 4377 395 4421 Suu.
412 4401 434 4410 -
453 4391 470 4420 t.

489 4449 499 4474 Ι
