3926 5542
525 467 574 537 178

526 613 575 676 17.
598 591 649 658 De
672 611 754 678 pena
775 588 946 656 hominum
969 590 1100 680 Bugelle
1124 612 1181 658 seu
1204 589 1358 657 stantium
1393 588 1446 656 uel
1468 588 1686 659 babitancium

566 699 599 764 iu
623 695 753 784 Bugella
775 699 1025 784 percucieutium
1049 697 1188 786 aliquem
1210 719 1277 763 nou
1310 694 1493 764 subdictum
1515 699 1687 784 potestarie

567 821 650 869 terre
672 801 822 889 predicte.

556 909 624 962 Item
642 919 770 962 staturum
788 919 827 961 eet
845 910 917 978 quod
935 911 956 961 si
975 909 1034 979 quis
1052 909 1085 962 de
1104 908 1209 978 bugella
1228 908 1271 962 uel
1289 908 1411 962 habitans
1429 909 1458 962 iu
1476 925 1507 962 ea
1537 909 1684 980 percurrerit

523 997 702 1052 uulnerauerit
719 1013 765 1049 seu
784 996 942 1050 interfecerit
960 997 1076 1068 aliquem
1094 1013 1150 1050 non
1169 998 1320 1051 subdictum
1339 997 1453 1067 postarie
1466 997 1631 1068 (t)Bugelle
1643 1015 1689 1068 pu-

523 1087 612 1138 niatur
628 1085 721 1138 eadem
740 1102 807 1154 pena
826 1101 878 1155 qua
896 1086 1033 1156 puniretur
1044 1085 1090 1137 ille
1102 1097 1241 1138 extraneus
1254 1102 1309 1138 non
1322 1086 1458 1138 subdictus
1469 1085 1498 1138 in
1513 1097 1581 1138 terra
1593 1101 1649 1150 sua,
1659 1086 1687 1139 Si

523 1174 677 1243 percusisset
686 1172 849 1226 uulnerasset
857 1189 903 1226 seu
914 1171 1077 1226 interficisset
1086 1172 1202 1242 aliquem
1212 1173 1245 1224 de
1255 1172 1360 1242 bugelle
1370 1173 1398 1224 in
1408 1171 1562 1225 iuriditione
1573 1173 1616 1226 uel
1630 1171 1688 1228 loro

522 1261 565 1314 cui
583 1260 717 1312 subdictus
736 1271 810 1312 esset.
829 1259 863 1312 Et
882 1276 987 1328 presens
1006 1271 1133 1312 statutum
1153 1275 1208 1312 non
1228 1261 1352 1312 uendicct
1370 1259 1420 1312 sibi
1441 1259 1540 1312 locum.
1560 1259 1588 1312 Si
1608 1261 1688 1312 ambo

524 1347 641 1400 forenses
658 1346 755 1400 fuerint
774 1347 829 1408 Qui
848 1347 962 1416 predicta
981 1347 1023 1398 uel
1042 1345 1149 1416 aliquod
1168 1347 1346 1416 predictorum
1372 1347 1442 1400 inter
1467 1363 1496 1399 se
1514 1347 1688 1400 comisisseut.

525 1435 576 1488 Sed
595 1447 659 1488 tunc
677 1446 703 1487 et
721 1451 754 1487 eo
772 1451 834 1486 casu
852 1436 1003 1488 subiaceant
1016 1435 1059 1504 (2)
1072 1435 1146 1504 penis
1158 1434 1283 1504 appositis
1296 1445 1323 1487 et
1335 1433 1471 1488 declaratis
1483 1433 1511 1488 in
1525 1435 1688 1504 presentibus

525 1523 627 1576 statutis
652 1521 770 1592 Bugelle.

530 1698 579 1764 18.
604 1694 704 1774 Quod
727 1696 847 1784 siquis
871 1694 911 1761 de
944 1693 1071 1783 bugella
1106 1694 1244 1763 uoluerit
1279 1695 1414 1784 allegare
1437 1697 1689 1784 suprascriptum

566 1801 753 1888 'proximum
776 1817 931 1867 statutum
953 1799 993 1867 ad
1016 1801 1066 1867 sui
1089 1799 1311 1868 defensionem
1335 1800 1375 1868 de
1396 1799 1453 1867 illo
1469 1799 1567 1867 ladem
1581 1800 1694 1888 iudicii

573 1905 674 1972 faciat.

562 2013 629 2066 Item
648 2025 775 2066 statutum
796 2013 924 2082 estquod
943 2013 964 2066 si
983 2013 1077 2084 aliquis
1096 2013 1136 2084 (3)
1155 2013 1265 2083 Bugella
1283 2013 1429 2083 percurrerit
1448 2013 1627 2067 uulnerauen't
1644 2029 1691 2066 seu

527 2101 686 2154 interfecerit
699 2101 815 2171 aliquem
827 2118 883 2154 non
896 2102 1046 2154 subdictum
1057 2103 1196 2172 potestarie
1206 2114 1232 2155 et
1241 2102 1356 2154 uoluerit
1365 2101 1479 2171 allegare
1488 2101 1692 2172 suprascriptum

528 2190 681 2260 proximum
699 2201 827 2242 statumm
846 2189 969 2242 uidelicet
987 2190 1059 2260 quod
1078 2191 1172 2242 debeat
1189 2190 1276 2260 puniri
1295 2207 1326 2243 ea
1345 2207 1412 2260 pena
1425 2207 1477 2262 qua
1483 2191 1626 2265 puniretur
1638 2207 1693 2260 per·

528 2294 618 2332 cussus
636 2278 663 2330 in
683 2289 750 2336 terta
768 2293 815 2330 sua
833 2277 855 2330 si
873 2277 961 2346 ipsum
980 2278 1013 2330 de
1031 2277 1137 2348 bugella
1155 2278 1310 2348 percusisset
1329 2278 1492 2332 uulnerasset
1520 2278 1562 2332 uel
1580 2277 1691 2332 interfe-

527 2367 612 2429 cisset,
632 2367 664 2420 ad
683 2365 735 2418 hoc
754 2382 788 2418 ne
806 2366 887 2435 possit
906 2365 1022 2418 subhac
1041 2365 1142 2418 cautela
1161 2366 1329 2435 punitionem
1348 2367 1468 2431 euadere,
1487 2378 1607 2420 teneatur
1624 2365 1691 2420 alle-

528 2472 594 2524 gaus
612 2455 727 2524 predicta
745 2453 825 2506 fidem
843 2452 928 2506 facere
946 2453 1057 2506 domino
1076 2455 1198 2523 potestati
1217 2454 1258 2506 uel
1278 2455 1334 2508 eius
1353 2455 1459 2519 vicario,
1472 2456 1505 2508 de
1517 2465 1615 2508 statuto
1633 2455 1694 2508 iuri·

528 2542 651 2594 dictionis
670 2552 697 2594 et
714 2540 764 2593 fori
782 2541 884 2610 percusi
903 2540 969 2593 infra
988 2541 1133 2594 terminum
1152 2541 1313 2594 defensionis
1331 2543 1380 2594 sibi
1408 2543 1529 2596 dandum
1547 2542 1623 2596 aliter
1640 2557 1692 2612 pu·

528 2631 617 2683 niatur
634 2641 770 2699 tamquam
788 2629 810 2680 si
829 2630 982 2699 percusisset
1000 2629 1135 2682 subditum
1153 2630 1276 2682 comunis
1295 2629 1412 2700 Bugelle.

534 2825 582 2889 19.
607 2803 754 2883 Qualiter
777 2803 948 2892 uuicuique
971 2803 1063 2871 liceat
1087 2825 1121 2870 se
1144 2803 1324 2871 defendere.

565 2911 636 2965 Item
654 2911 716 2980 quia
734 2911 791 2963 iura
810 2910 906 2963 uolunt
924 2912 996 2980 quod
1011 2911 1067 2963 uim
1081 2911 1109 2963 ui
1128 2911 1252 2980 repellere
1266 2912 1350 2974 liceat,
1363 2923 1490 2964 statutum
1504 2923 1530 2964 et
1542 2911 1694 2964 ordinatum

530 2999 570 3069 (a)
589 3000 661 3070 quod
679 2999 761 3069 siquis
779 2999 807 3051 in
827 2999 994 3052 defendendo
1013 3016 1074 3051 cum
1094 2999 1277 3052 moderamine
1296 3011 1385 3052 tamen
1405 2999 1537 3068 inculpate
1552 2999 1641 3063 tutele,
1660 2999 1696 3050 n·-

530 3087 624 3140 delicet
642 3087 664 3140 si
683 3104 818 3156 percussus
836 3086 915 3140 fuerit
933 3103 1014 3139 manu
1034 3087 1100 3156 pede
1118 3087 1160 3139 uel
1180 3087 1270 3157 gladio
1299 3087 1340 3139 uel
1361 3086 1413 3139 alio
1442 3103 1540 3156 genere
1558 3103 1695 3139 annorum

530 3177 700 3246 repercuserit
718 3176 805 3245 ipsum
823 3175 911 3245 primo
930 3176 1123 3244 percucientem
1143 3192 1224 3227 manu
1244 3174 1286 3227 uel
1306 3176 1372 3244 pede
1390 3174 1432 3227 uel
1452 3175 1532 3227 armis
1554 3175 1575 3226 si
1595 3190 1695 3245 percus·

530 3282 573 3318 sus
593 3264 670 3316 fuerit
688 3280 750 3316 cum
769 3263 849 3316 armis
869 3263 911 3316 uel
930 3263 1011 3316 simili
1030 3265 1208 3316 instrumento
1236 3263 1279 3315 uel
1309 3263 1406 3317 minori
1426 3263 1459 3316 de
1486 3280 1540 3334 quo
1559 3280 1695 3334 percussus

531 3353 609 3406 fuerit
626 3369 681 3404 non
700 3353 775 3405 cadat
792 3352 821 3405 in
840 3368 936 3422 penam
954 3351 1189 3422 suprascriptorum
1207 3337 1374 3404 statutorum.

532 3548 584 3595 20.
609 3527 658 3594 De
682 3549 763 3615 pena
786 3525 973 3612 duplicanda
997 3526 1024 3592 si
1048 3524 1199 3592 delictum
1223 3524 1317 3592 fuerit
1351 3524 1527 3592 comissum
1561 3525 1595 3592 in
1617 3546 1695 3613 pre-

576 3635 679 3700 sentia
702 3631 886 3699 officialium
909 3631 961 3698 uel
983 3633 1017 3697 in
1042 3653 1156 3698 eorum
1179 3652 1326 3718 persona.

568 3740 641 3802 Quia
657 3755 713 3792 non
732 3754 869 3807 nunquam
888 3737 962 3790 locus
975 3750 1000 3790 et
1013 3749 1117 3807 tempus
1130 3749 1275 3806 aggrauant
1293 3737 1427 3790 delictum.
1441 3737 1506 3790 Ideo
1518 3749 1645 3790 statutum
1658 3751 1697 3791 est

533 3828 605 3896 quod
624 3827 706 3895 siquis
724 3825 858 3878 comiserit
876 3824 917 3876 vel
937 3826 1124 3894 perpetrauerit
1142 3825 1251 3893 aliquod
1269 3824 1396 3877 delictum
1415 3843 1447 3878 ex
1466 3826 1597 3878 contentis
1610 3824 1639 3878 in
1657 3843 1698 3880 su·

534 3914 680 3984 prascriptis
699 3914 801 3966 statutis
820 3929 909 3966 coram
928 3913 1040 3965 domino
1059 3923 1186 3982 potestate
1205 3912 1245 3964 vel
1264 3913 1364 3965 uicario
1384 3913 1426 3966 uel
1445 3913 1561 3968 clauerio
1574 3925 1620 3966 aut
1637 3930 1699 3968 con·

560 4087 589 4139 (tl
607 4088 628 4126 ln
643 4086 735 4139 exemplo
750 4087 813 4125 chart.
829 4087 918 4140 legitur:
931 4088 1036 4140 pausante.

561 4159 591 4210 (a)
607 4158 677 4196 Idem:
692 4158 804 4195 subiaceant.

562 4231 594 4279 (3)
608 4228 630 4266 ln
645 4228 737 4279 exemplo
752 4228 858 4266 chartaceo
873 4227 970 4266 verbum:
986 4227 1020 4266 de:
1036 4228 1127 4266 additum
1143 4235 1181 4266 est.

562 4299 594 4349 (4)
608 4297 630 4336 In
645 4297 736 4351 extmplo
752 4297 857 4336 chartaceo
871 4296 969 4336 verbum:
984 4305 1022 4336 cst:
1037 4297 1127 4337 additum
1142 4306 1180 4337 est.
