3926 5542
543 483 596 522 ato

577 595 644 646 Item
662 593 815 646 ordinatum
833 605 859 646 et
877 591 1050 646 reformatum
1062 591 1194 664 fuitquod
1205 592 1371 662 suprascripti
1385 591 1494 646 admissi
1512 592 1558 664 qui
1578 606 1632 644 non
1646 603 1708 644 sum

542 681 588 751 filij
610 681 752 734 hominum
771 682 804 734 de
821 680 926 752 colegio
944 681 1051 734 soluant
1068 680 1147 735 libras
1162 697 1262 734 nouem
1281 697 1339 733 cere
1350 697 1422 734 noue
1434 697 1482 751 pro
1494 679 1709 752 quolibetetalia

542 781 666 823 contenta
685 770 713 822 in
732 769 834 824 statutis
851 771 880 822 in
899 770 1022 823 manibus
1040 769 1181 824 consulum
1200 769 1283 840 ipsius
1301 769 1417 840 Colegij.

579 859 646 912 Item
664 859 855 912 ordinauerunt
872 871 899 911 et
917 858 1127 912 reiomtauerunt
1144 859 1217 928 quod
1235 869 1379 928 antequam
1391 857 1565 912 admittantur
1577 855 1663 910 ellecti
1676 855 1710 910 ad

544 947 699 1000 seruitutem
717 947 846 1000 scribanie
863 947 935 1018 quod
954 946 1042 1016 primo
1067 957 1094 998 et
1111 957 1174 1000 ante
1200 945 1293 999 omnia
1323 944 1417 1000 liniant
1435 945 1557 998 ordinem
1576 945 1711 998 seruitutis

544 1033 678 1106 collegiati
697 1035 836 1104 elligentes
853 1051 908 1106 quo
926 1035 1020 1088 ordine
1039 1033 1115 1088 finito
1133 1033 1230 1088 iterum
1249 1033 1378 1104 incipiant
1396 1034 1445 1104 ipsi
1462 1035 1557 1104 notarii
1573 1033 1711 1103 elligentes

545 1137 572 1177 et
590 1123 712 1177 ordinem
733 1122 866 1176 seruitutis
884 1121 1020 1193 perficiant
1049 1137 1104 1192 quo
1122 1121 1216 1175 ordine
1243 1121 1321 1174 finito
1351 1121 1460 1174 admissi
1487 1121 1529 1174 vel
1553 1121 1711 1174 admittendi

546 1211 663 1265 sentiant
680 1223 707 1264 et
725 1209 819 1264 finiant
837 1229 883 1281 per
900 1211 1031 1264 ordinem.
1050 1209 1083 1263 Et
1102 1210 1135 1262 de
1152 1209 1195 1262 his
1213 1211 1339 1263 omnibus
1357 1221 1467 1280 rogatus
1485 1225 1537 1280 ego
1556 1209 1712 1279 guiliermus

547 1297 565 1351 i,
583 1315 609 1368 q,
628 1298 782 1368 Spectabilis
800 1298 913 1352 Domini
931 1297 1059 1350 leronimi
1079 1296 1144 1350 fecie
1161 1297 1195 1351 de
1213 1298 1319 1368 bugella
1338 1297 1457 1350 notarius
1475 1295 1632 1366 collegiatus
1643 1297 1713 1349 testi·

546 1385 677 1440 moniales
695 1387 779 1457 recepi
798 1397 825 1440 et
842 1385 932 1456 scripsi
950 1397 977 1438 et
994 1401 1060 1456 quas
1071 1385 1150 1455 signo
1163 1400 1225 1438 meo
1237 1385 1356 1438 manuali
1369 1383 1449 1438 solito
1460 1385 1600 1454 subscripsi
1612 1385 1711 1438 Datum

546 1487 574 1528 tt
592 1489 677 1544 supra.

1489 1543 1532 1596 Du
1550 1555 1637 1596 rscst.

582 1717 625 1782 48.
644 1717 726 1771 Anno
744 1703 848 1772 domini
867 1730 987 1772 cumae
1005 1717 1150 1772 millesimo
1168 1717 1385 1790 quingentesimo
1400 1717 1570 1788 sexagesimo
1583 1717 1714 1771 nasone

544 1807 625 1859 tercia
643 1807 686 1860 die
704 1807 862 1860 duodecima
873 1807 971 1859 mensis
981 1807 1104 1875 Ianuarii,
1115 1805 1274 1860 Conuocato
1290 1805 1405 1874 collegio
1415 1805 1589 1859 dominomm
1600 1805 1714 1858 notatio·

546 1911 606 1948 rum
625 1895 730 1965 bugelle
748 1896 776 1947 in
789 1896 872 1949 domo
881 1895 958 1948 solite
968 1895 1143 1947 habitacionis
1160 1893 1273 1947 Illustris
1283 1893 1386 1946 domini
1399 1891 1517 1946 francisci
1532 1895 1566 1947 de
1577 1893 1715 1964 puteodo-

547 1983 616 2036 mini
635 1984 781 2053 ponderasti
799 1985 833 2037 de
851 1985 976 2036 mandato
995 1983 1128 2036 nobilium
1148 1983 1321 2036 dominorum
1339 1982 1468 2035 Iohannis
1482 1983 1592 2050 Antonii
1605 1981 1714 2054 iquo-

547 2071 606 2123 bilis
624 2071 751 2124 leronimi
770 2071 835 2124 secie
852 2083 879 2123 et
894 2069 1024 2139 Johannis
1042 2070 1130 2122 iacobi
1149 2070 1257 2122 cabanie
1276 2070 1418 2122 consulum
1428 2070 1491 2124 dicti
1502 2069 1607 2140 collegii
1619 2069 1713 2140 inquo

546 2157 721 2212 interhterunt
730 2171 756 2210 et
766 2171 897 2228 presentes
913 2157 1018 2211 luerunt
1031 2157 1162 2227 predictus
1175 2157 1284 2210 illustris
1297 2159 1425 2211 dominus
1437 2159 1579 2210 tranciscus
1591 2158 1624 2210 de
1634 2169 1713 2227 puteo

546 2262 595 2298 nec
614 2263 669 2298 nott
687 2247 798 2299 illustris
816 2247 942 2300 dominus
961 2245 1086 2316 georgius
1104 2246 1137 2298 de
1156 2247 1257 2315 gromis
1275 2247 1403 2299 dominus
1422 2247 1544 2315 ternengi
1554 2245 1714 2316 Spectabiles

547 2333 650 2387 domini
668 2334 810 2387 franciscus
828 2335 861 2387 de
879 2334 991 2396 villanis,
1003 2334 1155 2386 Ludouicus
1175 2335 1314 2387 Bertodani
1325 2333 1479 2404 guilielmus
1491 2334 1557 2387 secia
1582 2335 1715 2389 Antonius

547 2423 580 2475 de
598 2421 709 2476 santono
728 2423 876 2475 ieronimus
895 2424 928 2475 de
945 2422 1046 2475 tarditis
1057 2423 1210 2474 Anthonius
1221 2423 1328 2476 sabania
1340 2423 1472 2475 lohannes
1490 2423 1616 2476 antonius
1634 2423 1715 2475 cauda

546 2510 695 2562 vincentius
713 2511 796 2562 cauda
815 2511 934 2562 Andreas
944 2511 986 2562 'de
1004 2510 1114 2578 gromis‚
1134 2511 1271 2562 Marchion
1291 2511 1373 2580 spinis
1404 2511 1557 2564 Ludouicus
1575 2510 1610 2564 de
1627 2510 1712 2564 'rondo

546 2597 672 2650 Nicolaus
691 2598 828 2650 bertodani
847 2609 873 2649 et
891 2613 942 2666 ego
962 2599 1129 2666 Augustinus
1142 2599 1175 2650 de
1187 2598 1212 2650 la
1225 2611 1295 2651 turre
1308 2600 1427 2651 notarius
1439 2599 1608 2669 subsignatus
1620 2615 1714 2652 omnes

545 2685 579 2737 de
591 2685 663 2738 dicto
675 2685 788 2754 collegio
801 2686 975 2738 dominorum
988 2686 1161 2738 Notariorum
1174 2686 1312 2738 unanimes
1327 2701 1351 2739 et
1366 2687 1511 2739 concordes
1524 2687 1633 2739 nemine
1648 2689 1714 2756 ipso

546 2789 606 2826 rum
624 2774 787 2843 discrepante
804 2773 837 2826 Et
857 2790 902 2842 per
919 2790 986 2844 quos
1005 2775 1113 2842 negotia
1132 2774 1251 2826 eiusdem
1270 2775 1374 2843 collegii
1395 2775 1483 2827 solent
1515 2775 1664 2843 pertractati
1683 2774 1714 2826 ln

546 2877 601 2931 quo
620 2861 728 2930 quidem
747 2862 861 2931 collegio
880 2862 948 2914 inter
965 2873 1051 2914 cetera
1070 2862 1223 2914 ordinatum
1239 2874 1265 2914 et
1278 2862 1461 2915 reilormatum
1474 2861 1524 2914 luit
1539 2863 1611 2932 quod
1625 2861 1717 2916 admit-

547 2961 636 3001 tantur
654 2961 732 3018 prout
750 2963 842 3002 tenore
861 2950 988 3019 presentis
1006 2949 1182 3002 admisserunt
1202 2950 1229 3002 in
1248 2950 1392 3018 collegium
1413 2950 1530 3019 ipsorum
1544 2950 1716 3003 dominorum

548 3038 714 3091 notariorum
733 3039 836 3091 nobiles
855 3038 999 3107 Baptistam
1018 3039 1051 3090 de
1070 3037 1182 3106 senariis
1202 3039 1366 3090 Battolinum
1377 3040 1409 3090 de
1419 3039 1536 3090 vercellis
1548 3039 1716 3092 Anthonium

547 3128 580 3179 de
598 3138 669 3178 turre
688 3126 852 3179 ieronimum
871 3128 904 3179 de
923 3126 1046 3178 battisnis
1058 3140 1084 3178 et
1097 3127 1221 3178 Nicolam
1236 3126 1360 3178 Lauezini
1373 3128 1407 3179 de
1423 3127 1529 3196 bugella
1541 3127 1660 3180 notarios
1671 3127 1717 3198 qui

547 3227 691 3283 antequam
710 3214 892 3282 intelliganmr
910 3215 1017 3267 admissi
1032 3227 1171 3267 teneantur
1182 3215 1269 3284 primo
1282 3227 1308 3267 et
1317 3227 1379 3267 ante
1394 3216 1486 3268 omnia
1496 3216 1600 3268 soluere
1611 3217 1719 3270 schutos

548 3301 762 3371 vigintiquinque
780 3301 855 3354 ltalie
874 3317 921 3370 pro
939 3302 1058 3371 quolibet
1077 3318 1125 3353 nec
1145 3317 1201 3354 non
1220 3302 1298 3354 libras
1312 3314 1373 3354 octo
1386 3319 1444 3354 cere
1460 3315 1486 3355 et
1499 3320 1546 3372 pro
1558 3304 1677 3373 quolibet
1689 3304 1717 3356 in

548 3391 671 3442 manibus
690 3389 796 3458 predicti
816 3389 914 3442 nobilis
933 3390 970 3441 lo.
990 3390 1122 3456 Anthonij
1143 3390 1226 3441 caude
1239 3391 1334 3457 notatij
1351 3391 1384 3442 de
1397 3392 1454 3459 ipso
1467 3391 1582 3461 collegio
1594 3393 1680 3446 ellecti
1692 3405 1718 3445 et

549 3478 665 3546 deputati
684 3477 716 3529 ad
737 3477 763 3528 id
783 3493 828 3545 per
846 3477 933 3545 ipsum
946 3476 1092 3542 collegium
1105 3489 1131 3528 ct
1149 3493 1230 3546 quem
1243 3478 1275 3530 ad
1288 3478 1374 3546 ipsum
1389 3478 1512 3531 effectum
1525 3481 1718 3534 constituerunt

548 3566 690 3633 elligerunt
709 3575 735 3618 et
753 3565 955 3632 deputauerunt,
969 3565 1001 3616 Et
1014 3581 1081 3633 quos
1093 3579 1183 3617 scutos
1197 3566 1413 3635 tigintiquinque
1426 3566 1473 3636 ipsi
1489 3568 1591 3620 nobiles
1604 3569 1718 3638 Baptista

548 3654 581 3706 de
600 3653 712 3721 ferrariis
731 3653 905 3705 Bertollinum
926 3653 959 3704 de
979 3652 1106 3704 Vercellis
1126 3656 1286 3720 augustinus
1305 3655 1338 3706 de
1357 3669 1427 3706 turre
1446 3655 1597 3708 ieronimus
1610 3657 1718 3709 batriani

548 3754 575 3794 et
593 3741 680 3792 nicola
699 3740 814 3792 lauerini
834 3741 978 3808 respectiue
996 3753 1135 3793 teneantur
1149 3743 1256 3794 soluere
1270 3755 1295 3794 et
1314 3745 1452 3794 exbursare
1465 3743 1492 3794 in
1506 3745 1629 3797 manibus
1638 3745 1720 3814 ipsius

549 3829 635 3881 ellecti
653 3841 680 3880 et
698 3828 814 3896 deputati
832 3827 899 3879 insta
918 3845 1001 3880 unum
1021 3846 1143 3880 mensem
1159 3830 1284 3898 proxime
1295 3843 1435 3882 venturum
1454 3831 1518 3882 alias
1530 3833 1602 3900 quod
1614 3847 1720 3902 presens

549 3917 676 3970 admissio
694 3917 728 3968 sit
746 3914 818 3968 nulla
837 3928 863 3968 et
881 3917 979 3969 nullius
998 3917 1094 3969 valoris
1114 3929 1140 3970 et
1160 3917 1291 3970 momenti
1311 3931 1337 3970 et
1350 3921 1421 3988 quod
1434 3919 1487 3970 sint
1499 3931 1524 3971 et
1538 3919 1720 3989 intelligantur

549 4021 564 4058 a
583 4006 654 4058 dicto
673 4003 787 4072 collegio
806 4004 904 4056 exclusi
923 4006 1027 4073 penitus
1049 4017 1127 4074 prout
1145 4023 1178 4057 es
1198 4021 1270 4057 nunc
1290 4019 1366 4074 prout
1385 4025 1417 4058 ex
1436 4017 1499 4058 tune
1518 4023 1578 4058 casu
1592 4007 1719 4076 premisso

550 4093 711 4145 adueniente
728 4092 901 4144 excludantur
919 4110 933 4145 a
952 4094 1024 4146 dicto
1043 4093 1158 4162 collegio
1173 4105 1199 4145 et
1212 4110 1260 4161 pro
1272 4110 1327 4145 non
1340 4094 1460 4145 admissis
1474 4094 1619 4146 habeantur
1629 4095 1662 4147 Et
1670 4094 1720 4164 ipsi

553 4181 619 4233 scuti
638 4192 805 4248 exportantur
823 4192 900 4248 prout
919 4181 1085 4232 ordinabitur
1104 4197 1149 4249 per
1168 4181 1254 4248 ipsum
1274 4181 1417 4250 collegium
1436 4180 1469 4232 Et
1487 4181 1531 4249 qui
1546 4198 1622 4250 supra
1634 4181 1720 4234 ellecti

553 4278 580 4321 ct
598 4267 705 4318 admissi
727 4277 867 4319 teneantur
884 4278 910 4318 et
928 4267 1041 4318 debeam
1060 4265 1145 4319 iurare
1163 4283 1266 4319 seruare
1284 4279 1379 4320 statum
1398 4267 1479 4337 ipsius
1497 4268 1602 4338 collegij
1616 4269 1644 4321 in
1657 4285 1718 4321 ma·
