3958 5540
516 539 550 594 74

554 648 611 716 383.
630 646 698 700 Item
716 657 844 700 statutum
862 659 889 700 et
907 645 1058 701 ordinatum
1077 660 1116 700 est
1134 649 1205 719 quod
1223 647 1311 719 aliqua
1329 663 1510 718 personaque
1528 663 1583 701 non
1602 646 1637 700 sit
1648 648 1682 700 de

515 734 622 804 bugella
639 751 686 788 seu
704 747 806 805 recepta
825 735 1056 789 inhabitatorem.
1075 736 1207 790 Comanis
1226 735 1332 806 bugelle
1358 751 1414 788 non
1442 735 1538 788 audeat
1555 734 1599 788 uel
1617 751 1680 806 pre-

514 835 602 876 sumat
620 822 658 876 ire
675 823 708 876 ad
727 823 958 877 coadunationem.
978 836 1004 877 et
1022 824 1067 894 qui
1086 836 1178 878 contra
1196 823 1285 877 iecerit
1298 823 1423 894 puniatur
1434 839 1481 893 pro
1494 822 1610 893 qualibet
1623 822 1681 876 vice

515 927 567 981 qua
585 923 721 964 accusatus
739 911 817 965 fuerit
835 912 883 965 sol.
902 912 961 966 XX.

552 1053 609 1120 384.
628 1051 696 1105 Item
715 1053 787 1122 quod
805 1053 893 1122 aliqua
912 1069 1022 1122 persona
1041 1069 1097 1106 non
1116 1054 1211 1107 audeat
1230 1053 1272 1106 uel
1292 1065 1424 1124 presumat
1442 1053 1538 1106 ducere
1551 1069 1599 1106 noc
1618 1052 1677 1105 duci

515 1138 599 1193 facere
616 1157 663 1193 scu
682 1142 822 1210 permitere
839 1141 878 1194 ire
896 1142 990 1194 bestias
1008 1142 1042 1195 de
1060 1143 1134 1196 basto
1152 1159 1199 1195 seu
1216 1141 1331 1211 plaustra
1350 1159 1396 1211 per
1414 1141 1529 1212 porticus
1547 1139 1633 1210 placij.
1652 1151 1678 1192 et

514 1229 560 1298 qui
578 1241 669 1281 contra
687 1227 777 1282 iecerit
794 1229 881 1282 soluat
899 1246 946 1300 pro
965 1228 1081 1300 qualibet
1098 1230 1156 1282 vice
1173 1229 1222 1283 sol.
1235 1229 1267 1282 ΙΙ.
1281 1230 1333 1282 nisi
1345 1229 1528 1282 ostenderetur
1540 1226 1677 1280 manifeste

514 1315 586 1385 quod
604 1317 646 1370 via
665 1317 768 1387 publica
786 1331 853 1370 esset
871 1330 996 1388 occupata
1015 1317 1058 1370 uel
1077 1318 1211 1388 impedita.
1232 1318 1275 1371 uel
1292 1318 1343 1370 nisi
1362 1317 1473 1370 Intraret
1499 1316 1630 1386 porticum
1649 1315 1677 1367 in

514 1421 566 1474 qua
585 1404 665 1458 uellet
683 1416 709 1458 et
726 1405 832 1458 deberet
858 1405 1001 1459 discareare
1028 1423 1068 1459 res
1095 1423 1159 1477 quas
1187 1407 1294 1459 duceret
1320 1405 1363 1458 uel
1387 1417 1501 1475 portaret
1520 1405 1562 1474 (1)
1580 1405 1615 1457 Et
1632 1403 1677 1473 qui

513 1492 592 1546 luerit
609 1510 655 1563 per
672 1493 743 1546 viam
761 1509 839 1563 super
856 1494 991 1548 terralium
1009 1496 1083 1564 juxta
1101 1495 1246 1548 maneriam
1265 1493 1353 1548 fossati
1366 1493 1438 1564 plani
1450 1511 1511 1546 curn
1525 1493 1614 1562 bestijs
1626 1507 1677 1544 vna

512 1580 557 1633 uel
575 1579 693 1651 pluribus
710 1579 796 1634 soluat
814 1598 862 1651 pro
880 1582 998 1652 quolibet
1016 1593 1043 1634 et
1060 1583 1176 1653 qualibet
1193 1583 1250 1636 vice
1268 1583 1316 1636 sol.
1337 1583 1368 1635 V.
1388 1599 1430 1653 pp.
1449 1582 1492 1651 (1)

551 1721 608 1791 385.
628 1719 695 1774 Item
713 1729 840 1775 statutum
858 1723 986 1793 estquod
1005 1721 1093 1792 aliqua
1111 1739 1222 1792 persona
1240 1723 1273 1774 de
1299 1721 1405 1793 bugella
1432 1723 1478 1776 seri
1497 1737 1548 1791 que
1566 1733 1616 1774 stet
1634 1720 1677 1774 uel

512 1808 613 1862 habitet
632 1809 660 1862 in
680 1809 785 1881 bugella
803 1825 858 1864 non
877 1822 966 1863 teneat
983 1827 1032 1863 nec
1045 1809 1121 1864 iaciat
1132 1811 1248 1881 aliquam
1260 1811 1408 1864 clausuram
1420 1827 1467 1864 seu
1479 1809 1677 1863 firmamentum

512 1897 546 1949 de
563 1897 678 1950 asidibus
696 1897 739 1950 uel
757 1897 887 1968 lapidibus
905 1911 977 1951 extra
996 1898 1103 1951 Murum
1121 1899 1218 1952 domus
1234 1915 1324 1951 versus
1338 1899 1469 1968 porticum
1483 1910 1592 1968 excepto
1605 1913 1678 1950 man·

511 1984 576 2039 tello
593 1986 627 2038 de
644 1986 759 2038 asidibus
776 2003 858 2057 quern
876 1986 960 2040 facere
979 1987 1060 2056 possit
1078 2004 1110 2039 ex
1129 1987 1252 2057 opposito
1270 1987 1394 2040 introitus
1412 1987 1508 2040 domus
1527 1987 1572 2056 qui
1602 2002 1675 2038 man-

512 2072 589 2126 tellus
607 2073 685 2126 distet
702 2090 718 2125 a
735 2087 803 2126 terra
821 2091 867 2143 per
885 2074 942 2127 VII.
962 2076 1048 2143 pedes.
1067 2073 1101 2127 Et
1119 2074 1164 2145 qui
1183 2075 1364 2128 contrafecerit
1382 2075 1468 2128 soluat
1495 2091 1543 2144 pro
1561 2072 1677 2144 qualibet

512 2161 569 2213 vice
587 2177 639 2230 qua
656 2163 781 2214 inuentus
799 2161 878 2214 fuerit
895 2161 987 2214 fecisse
1005 2175 1095 2215 contra
1123 2163 1238 2232 predicta
1256 2175 1283 2216 et
1310 2181 1357 2234 pro
1375 2180 1427 2233 qua
1446 2175 1581 2216 accusatus
1599 2160 1677 2214 fuerit

511 2247 559 2300 sol.
578 2247 611 2300 X.
630 2247 662 2300 X.
682 2265 724 2318 pp.
743 2260 770 2301 et
788 2265 835 2318 pro
853 2249 970 2319 qualibet
987 2250 1045 2302 vice
1063 2267 1115 2319 qua
1133 2262 1237 2303 tenetur
1255 2264 1352 2320 postea.
1372 2251 1420 2303 sol.
1440 2251 1472 2303 V.
1492 2263 1518 2303 et
1549 2249 1676 2302 habentes

512 2353 555 2388 eas
573 2347 712 2389 teneantur
730 2337 866 2391 abstulisse
884 2337 959 2390 infra
971 2351 1032 2390 octo
1045 2339 1108 2391 dies.
1122 2351 1148 2391 et
1160 2339 1281 2392 consules
1294 2341 1394 2410 possint
1407 2353 1433 2393 et
1445 2352 1584 2394 teneantur
1592 2337 1675 2410 inqui·

511 2441 567 2476 rere
585 2437 611 2476 et
629 2425 776 2494 predictum
794 2437 921 2480 statutum
940 2443 995 2478 non
1015 2425 1177 2495 intelligatur
1195 2427 1228 2479 de
1241 2428 1316 2480 scalis
1332 2428 1374 2480 uel
1388 2428 1496 2481 banchis
1509 2445 1560 2498 que
1573 2429 1674 2482 suntin

511 2512 670 2580 porticubus.
689 2525 728 2565 set
746 2529 789 2566 aas
807 2526 897 2566 tenere
915 2515 1023 2583 possint.
1043 2515 1076 2568 Et
1095 2515 1217 2568 consules
1235 2532 1290 2568 non
1310 2515 1410 2584 possint
1429 2517 1491 2570 dare
1509 2516 1656 2570 licenciam.

740 2899 788 2958 na
807 2900 956 2959 carunto
975 2903 1231 2960 sanaronarus
1251 2938 1283 2948 -
1303 2905 1334 2961 n.
1353 2903 1449 2977 (xnr).

548 3129 605 3204 386.
625 3132 696 3196 Quia
714 3149 770 3188 non
788 3133 901 3187 debeant
919 3151 1055 3188 remanere
1073 3133 1203 3188 maleficia
1220 3134 1348 3204 inpunita
1368 3134 1501 3190 Statuturn
1520 3145 1567 3189 est.

545 3223 617 3292 quod
635 3221 657 3275 si
675 3223 747 3293 quod
766 3221 927 3276 Maleficium
945 3240 991 3276 seu
1010 3223 1147 3294 danpnurn
1165 3223 1235 3276 reale
1248 3224 1384 3294 personale
1396 3225 1439 3277 uel
1452 3224 1561 3276 mistum
1575 3222 1673 3277 lacman

509 3309 588 3364 fuerit
605 3327 651 3364 seu
669 3311 762 3363 datum
780 3310 824 3363 uel
841 3322 1019 3380 perpetratum
1037 3327 1083 3363 seu
1102 3311 1198 3364 iniuria
1216 3309 1283 3364 iacta
1300 3323 1327 3364 et
1345 3313 1378 3364 de
1396 3311 1518 3381 predictis
1545 3312 1589 3365 uel
1606 3312 1675 3382 ipso·

511 3416 572 3451 rum
590 3397 681 3469 aliquo
708 3415 764 3452 non
793 3399 827 3452 sit
854 3416 900 3468 per
917 3398 988 3451 aliud
1007 3410 1104 3452 statum
1123 3411 1192 3451 certa
1211 3415 1278 3468 pena
1296 3399 1416 3452 ordinata
1434 3400 1499 3452 illud
1526 3401 1673 3469 dampnum

509 3485 670 3540 maleficium
688 3487 746 3539 siue
763 3486 859 3538 iniuria
886 3502 1046 3557 quocunque
1074 3487 1186 3539 nomine
1213 3499 1369 3540 censeantur
1397 3489 1540 3556 puniantur
1557 3489 1590 3540 ad
1609 3487 1671 3540 arbi·

509 3575 588 3627 trium
608 3573 749 3627 consulum
767 3587 794 3627 et
811 3575 960 3644 sapientum
979 3574 1041 3627 dicti
1061 3575 1182 3627 comunis
1201 3592 1247 3644 per
1259 3575 1380 3628 consules
1392 3575 1437 3645 qui
1451 3592 1498 3644 pro
1511 3575 1674 3644 temporibus

508 3662 607 3715 luerint
624 3662 777 3715 electorum.

535 3945 562 3998 (ι)
577 3947 611 4000 (¹)
624 3943 689 3986 Veri·
704 3955 775 4000 roste·
788 3946 874 3999 ⁸dieo·-
