3978 5546
1437 521 1466 560 ll

302 627 475 700 Gmmtionj
495 643 551 682 non
570 627 671 700 possint
683 643 733 682 nec
745 629 858 682 debeam
866 626 952 682 locere
965 628 1083 700 aliquam
1095 627 1295 698 responsionem
1305 643 1354 682 nec
1363 626 1472 700 aliquod

302 717 413 770 donum.
432 716 519 771 donec
539 717 748 772 conuootuerInt
765 715 897 772 Consules
915 715 1056 772 cuiuslibet
1068 714 1209 770 Mestralie.
1222 715 1269 787 qui
1281 715 1403 770 similiter
1411 732 1474 772 coo·

302 821 397 860 uoctre
415 805 529 860 debeant
546 821 641 860 omnes
660 803 722 860 illos
741 806 775 860 de
793 821 888 860 eorum
906 805 1028 876 peraticis
1045 817 1072 860 et
1090 803 1182 860 habito
1195 803 1323 860 conscilio
1335 820 1398 858 cum
1410 805 1473 876 ipsis

302 893 377 947 licent
396 893 458 964 ipsis
477 893 640 948 Consulibus
658 894 836 966 puraticorum
854 893 950 948 ducere
967 893 1001 948 ad
1021 893 1202 948 exedendam.
1221 891 1266 948 VI.
1281 890 1332 946 uel.
1346 891 1416 947 VIII.
1428 905 1474 948 out

302 999 386 1052 usque
402 982 444 1035 ad.
464 981 522 1036 llll
541 982 575 1036 de
594 981 749 1037 melloribus
767 981 907 1037 cuiuslibet
927 981 1036 1053 pontici
1054 993 1082 1036 et
1108 993 1172 1036 tunc
1201 979 1247 1034 fiat
1273 979 1414 1051 responsio
1440 981 1474 1036 de

289 1052 439 1124 ¹Conscilio
457 1081 484 1124 et
502 1069 640 1124 uoluntate
659 1069 903 1126 Credentiariorum
921 1081 948 1123 et
967 1068 1132 1124 mestrtlium
1155 1069 1200 1141 qui
1214 1067 1311 1122 luerint
1323 1068 1356 1122 od
1369 1067 1474 1123 creden·

302 1157 367 1211 tiam
387 1158 429 1212 uel
449 1157 557 1212 maioris
575 1159 655 1230 pertis
672 1157 799 1230 ipsorum.
819 1157 905 1212 Aliter
931 1173 996 1212 uero
1024 1157 1166 1229 responsio
1196 1157 1231 1211 sit
1250 1173 1322 1211 cassa
1348 1155 1421 1212 irrito
1447 1169 1474 1210 et

303 1246 403 1302 nulllus
421 1247 519 1302 ualorIs
537 1257 616 1320 atque
635 1249 776 1302 momenti.
794 1247 828 1302 Et
846 1249 899 1302 hoc
918 1247 1074 1318 Capitulum
1093 1247 1150 1301 siue
1168 1259 1297 1300 statutum
1315 1245 1348 1300 sit
1372 1259 1400 1300 et
1417 1263 1474 1300 esse

302 1335 466 1406 intelligatur
483 1337 522 1391 Itt
541 1349 569 1390 et
586 1335 673 1392 taliter
691 1337 822 1408 precisum
840 1337 913 1407 quod
932 1352 988 1390 non
1007 1336 1090 1407 possit
1113 1352 1163 1389 nec
1191 1335 1285 1389 debeat
1311 1334 1405 1388 casseri
1424 1350 1473 1388 nec

302 1423 397 1478 irritari
416 1441 462 1494 per
479 1436 567 1478 totum
586 1437 690 1496 tempus
709 1423 851 1480 consulum
869 1423 915 1496 qui
933 1424 1080 1478 iurauerint
1097 1424 1141 1494 (t)
1154 1423 1262 1495 etquod
1272 1421 1390 1496 quelibet
1401 1439 1474 1493 may·

302 1511 392 1566 strtrio
410 1511 488 1566 iaciat
506 1514 707 1583 responsionem
725 1513 766 1568 sui
785 1513 888 1584 consilij
909 1525 935 1566 et
953 1511 1128 1584 singulariter.
1148 1511 1223 1566 iliter
1241 1510 1308 1565 loma
1335 1509 1473 1582 responsio

302 1615 349 1672 pro
369 1599 444 1654 nullo
463 1601 592 1656 habeatur
609 1619 658 1656 nec
677 1614 805 1657 tenentur.
824 1614 850 1656 et
869 1601 965 1656 eodem
983 1602 1067 1656 modo
1085 1613 1226 1656 tenetntur
1247 1599 1385 1654 consulere
1396 1615 1475 1670 super

303 1705 501 1760 quamcumque
519 1707 626 1744 ctustrn
644 1691 748 1762 dequo
766 1690 924 1745 conscilium
944 1689 1049 1744 daretur
1065 1689 1094 1744 in
1117 1689 1259 1744 credentis.

340 1865 380 1919 53.
401 1849 468 1904 Item
486 1863 615 1904 statutum
632 1863 672 1904 est
689 1851 762 1922 quod
780 1851 809 1904 in
828 1849 969 1906 Credentio
988 1849 1089 1922 pulsato
1107 1861 1134 1904 et
1152 1861 1312 1920 congregem
1324 1850 1358 1904 td
1370 1865 1469 1903 sonum

304 1955 422 2009 conpone
440 1955 516 1994 more
533 1939 613 1994 solito
631 1939 771 2010 eligantur.
790 1939 848 1994 XII.
868 1939 993 1994 homines
1010 1939 1044 1994 td
1063 1941 1143 1993 breue
1162 1939 1254 1993 dotum
1280 1937 1349 1992 inter
1377 1953 1472 1992 ornnes

303 2026 506 2082 Credentiarios.
525 2028 571 2099 qui
589 2029 677 2082 iurent
694 2027 792 2100 eligere
811 2040 925 2100 quatuor
943 2029 1028 2082 bonos
1047 2039 1073 2082 et
1096 2027 1217 2100 ydoneos
1245 2025 1377 2080 Consules
1405 2027 1473 2080 duos

303 2118 335 2170 de
355 2115 445 2170 Plocio
464 2129 491 2170 et
509 2117 576 2170 duos
595 2117 628 2170 de
646 2116 739 2171 Plano.
758 2130 792 2172 et.
812 2115 882 2170 VIII.
902 2115 1019 2170 illorum.
1038 2115 1096 2170 xll.
1116 2117 1230 2170 habeant
1249 2127 1405 2186 potestatem
1428 2114 1473 2168 eli-

302 2205 383 2273 gendi
403 2205 533 2276 predIctos
551 2205 573 2258 si
592 2205 690 2260 luerint
708 2206 735 2259 In
755 2207 905 2260 concordii.
926 2205 963 2260 Ita
982 2218 1071 2260 conten
1085 2205 1157 2276 quod
1171 2203 1265 2276 aliquis
1278 2203 1396 2276 ipsorum
1408 2203 1474 2257 elec·

303 2305 391 2348 torum
411 2311 466 2348 non
485 2295 568 2364 possit
586 2311 642 2348 csse
661 2294 771 2348 Consul.

341 2451 380 2504 54.
400 2435 467 2490 Item
488 2447 617 2490 statutum
636 2448 675 2490 est
693 2437 766 2507 quod
785 2436 838 2508 alij.
859 2436 908 2490 llll
928 2435 1052 2490 homiues
1070 2435 1146 2490 electi
1165 2436 1197 2490 td
1216 2436 1296 2489 breue
1323 2435 1415 2490 datum
1443 2435 1471 2488 ln

303 2525 434 2578 credentia
453 2526 540 2579 lurore
558 2525 671 2578 debeant
690 2525 788 2594 eligere
806 2541 901 2578 omnes
919 2523 1046 2579 officiales
1064 2524 1197 2579 ComunIs
1215 2522 1286 2577 illius
1299 2524 1362 2578 enni
1375 2535 1472 2578 etocto

304 2611 411 2666 illorum
424 2613 445 2666 si
465 2611 562 2667 luerint
579 2613 608 2666 in
626 2614 768 2666 concordio
787 2613 888 2685 possint
899 2613 971 2684 ipsos
983 2612 1110 2667 officiales
1122 2611 1227 2682 eligere.
1240 2612 1280 2666 ltt
1291 2625 1380 2666 tomen
1399 2613 1472 2684 quod

306 2701 401 2772 oliquis
419 2701 452 2756 de
470 2701 592 2773 predictis
610 2701 769 2756 electoribus
788 2717 842 2756 non
862 2703 944 2774 possit
962 2719 1019 2756 esse
1031 2701 1152 2757 officialis
1164 2700 1207 2771 (2)
1220 2713 1305 2772 preter
1317 2699 1471 2755 Clauarium

303 2791 346 2858 (r)
365 2803 391 2844 et
409 2790 462 2845 hoc
480 2803 608 2844 stitutum
628 2790 657 2844 lit
675 2803 701 2844 et
719 2807 776 2845 esse
794 2792 889 2846 debeat
905 2803 1032 2862 perpetuo
1052 2791 1183 2862 precisum
1202 2791 1238 2844 itt
1250 2790 1323 2862 quod
1335 2806 1390 2844 non
1403 2791 1473 2862 posit

303 2879 367 2951 poni
386 2880 414 2933 in
433 2880 565 2932 medentia
585 2879 657 2949 quod
676 2879 751 2933 aliter
769 2879 863 2934 electio
882 2879 934 2934 fiat
954 2895 1004 2934 nec
1021 2897 1068 2950 per
1086 2879 1171 2950 ipsam
1189 2879 1352 2933 credentiam
1370 2879 1473 2950 dispen-

302 2969 361 3022 sari.
380 2969 447 3022 etsi
468 2981 559 3022 contra
579 2967 676 3022 luctum
690 2968 775 3023 luerit.
795 2985 897 3024 ereum
917 2970 995 3024 siret
1013 2969 1116 3024 Initum
1135 2969 1193 3040 ipso
1211 2969 1276 3023 iure.

340 3145 381 3198 55.
400 3129 468 3184 Item
486 3141 614 3182 statutum
634 3132 762 3202 estquod
781 3131 803 3184 si
821 3131 930 3203 predIcti
948 3129 1076 3186 electores
1094 3128 1236 3185 consulum
1264 3143 1290 3184 er
1317 3127 1471 3184 officialium

303 3233 358 3272 noo
377 3235 406 3272 se
424 3219 617 3272 concordarent
635 3220 669 3272 de
688 3217 813 3274 iaciendis
832 3219 954 3291 predictis
973 3219 1148 3274 electIonibos
1166 3219 1234 3273 sicut
1252 3217 1371 3290 superius
1391 3219 1474 3273 deter-

303 3305 421 3360 minetur
438 3319 464 3360 ct
483 3319 580 3360 starent
599 3321 702 3360 tontum
722 3309 754 3362 td
773 3309 991 3362 concordendum
1011 3309 1090 3362 sede
1109 3307 1231 3380 predictis
1248 3306 1320 3380 quod
1339 3323 1391 3361 vna
1414 3324 1473 3362 cao·

303 3393 362 3449 delo
380 3395 413 3450 de
431 3412 484 3448 sno
505 3397 570 3466 pede
589 3410 656 3449 esset
675 3398 811 3450 combusto
831 3410 856 3451 et
875 3397 949 3451 hnitt
969 3397 1040 3469 quod
1059 3395 1155 3450 electio
1182 3395 1299 3467 ipsoront
1328 3407 1473 3450 reumttur

303 3483 336 3538 od
353 3485 523 3548 credentiam,
542 3497 568 3538 et
587 3485 700 3553 eligutur
718 3503 801 3539 vnum
821 3487 993 3558 Campatium
1012 3487 1039 3540 ln
1055 3485 1221 3558 Ptuignarro.

341 3623 381 3694 56.
400 3625 467 3680 Item
487 3639 616 3682 storumm
633 3641 672 3680 est
690 3627 762 3698 quod
782 3629 924 3682 Credenria
942 3629 1024 3699 possit
1042 3645 1158 3682 crescere
1169 3625 1318 3682 diminuere
1332 3641 1358 3682 et
1371 3641 1474 3682 mutare

302 3730 333 3768 ea
351 3715 384 3768 de
402 3715 498 3785 quibus
517 3716 603 3768 maior
621 3733 678 3786 pars
697 3715 774 3770 luerit
793 3717 820 3770 in
839 3717 980 3770 concordia
999 3717 1031 3770 od
1051 3717 1184 3770 honorem
1202 3729 1229 3770 et
1259 3717 1400 3770 utilitatem
1429 3717 1476 3772 do·

303 3802 370 3856 mini
389 3801 511 3874 Episcopi
530 3816 557 3857 et
575 3804 683 3858 eecclesie
701 3803 875 3857 I'ercellensis
893 3817 919 3858 et
938 3803 1071 3858 Comunis
1090 3805 1200 3874 Bugelle
1225 3805 1268 3874 (3)
1296 3805 1371 3859 soluo
1401 3804 1473 3876 quod

302 3907 350 3962 pro
368 3889 416 3944 Illo
434 3907 507 3944 nnno
524 3907 579 3962 quo
599 3893 720 3947 consules
739 3893 883 3946 iurauerint
911 3909 989 3962 super
1008 3893 1112 3946 statutis
1130 3895 1202 3963 quod
1216 3893 1297 3946 nichil
1322 3893 1376 3948 fieti
1392 3895 1473 3964 possit

304 3979 332 4032 itt
351 3978 399 4034 illo
417 3995 489 4034 tnno
508 3993 599 4034 contra
622 3993 726 4036 statuto

305 4209 332 4260 (ij
347 4207 495 4264 thscqnmis
509 4221 554 4266 cop.
569 4210 629 4252 verbs
643 4211 748 4265 eliquento
762 4221 810 4265 post
824 4213 898 4266 scripte
909 4213 1011 4253 videnter.

305 4281 332 4331 (tl
347 4277 389 4320 seb
403 4281 477 4321 versis:
494 4279 558 4322 ersa
571 4279 697 4330 (ζωὴ,-
711 4281 787 4322 lincoln
801 4283 862 4324 docte
876 4293 914 4332 est,
930 4285 988 4336 qussi
1003 4282 1110 4324 oblitertts
1121 4282 1216 4324 luissent.

305 4351 333 4403 It)
348 4349 495 4404 §obsequentis
511 4365 555 4406 cop.
571 4351 631 4394 sert·
646 4354 747 4406 posterius
763 4354 856 4404 adjectos
873 4355 919 4394 inde
934 4355 1025 4394 additura
1039 4365 1087 4395 cst:
1105 4352 1170 4394 I'erat.
