3926 5542
1403 557 1450 610 171

329 674 369 726 55.
388 657 430 712 De
448 675 515 727 pena
533 659 702 727 percutientis
720 659 868 714 meretrices
887 659 930 713 uel
949 661 1082 715 roffianos

330 745 369 813 5⁶.
389 744 471 808 Quod
490 745 579 798 nullus
597 747 679 815 possit
698 747 801 800 obicere
820 748 862 799 uel
881 761 969 817 petere
986 749 1242 818 compansationem.

330 847 369 901 57.
389 832 431 886 De
449 850 516 902 pena
534 850 590 886 non
609 835 743 902 probantis
761 835 959 888 accusacionem
978 836 1020 888 uel
1040 837 1199 890 denunciam
1218 849 1244 890 et
1265 837 1298 890 de
1316 839 1454 891 securitate

291 920 378 972 danda
396 921 430 973 de
449 921 503 989 ipsa
522 923 711 990 prosequenda.
730 922 776 989 (1⁷.
797 937 837 988 13.
859 939 916 989 ¹5¹·
936 938 995 990 225.
1015 923 1044 986 I;
1066 924 1115 976 116
1134 925 1166 976 ad
1189 939 1246 977 121.
1266 925 1312 994 II).

331 1009 370 1075 58.
390 1007 423 1060 In
442 1009 538 1078 quibus
556 1009 658 1061 casibus
677 1007 746 1061 filius
765 1008 877 1062 familias
895 1023 921 1063 et
940 1011 1025 1062 maior
1043 1010 1116 1063 XIIII
1136 1011 1213 1063 annis
1244 1012 1389 1066 habeantur
1408 1029 1456 1082 pro

292 1095 446 1148 hominibus
464 1095 505 1148 sui
523 1095 589 1148 iuris
607 1109 633 1148 et
652 1096 772 1164 legitime
789 1099 872 1150 etatis

330 1197 369 1252 59.
389 1182 458 1236 Infra
477 1184 549 1252 quod
568 1195 672 1252 tempus
690 1185 771 1253 possit
789 1184 823 1238 de
842 1185 977 1238 maleficiis
998 1185 1052 1238 fieri
1071 1188 1266 1240 accusationem
1284 1203 1329 1240 seu
1349 1187 1457 1257 inquisi-

291 1271 403 1324 tionem.
423 1272 472 1340 (V.
494 1271 552 1325 116.
575 1272 694 1340 121.II).

326 1359 369 1412 60.
389 1359 431 1412 De
449 1375 516 1428 pena
535 1360 691 1412 remittanda
710 1373 816 1430 propter
833 1379 925 1430 pacem
943 1375 969 1415 et
987 1362 1189 1416 consessionem.

325 1446 369 1500 61.
388 1447 470 1508 Quod
490 1448 517 1499 in
536 1465 705 1518 quocumque
723 1450 851 1502 conuiuio
871 1467 926 1502 non
946 1450 1067 1504 intersint
1085 1451 1135 1504 nisi
1154 1451 1261 1520 triginta
1279 1469 1397 1521 persone.

326 1534 369 1587 62.
389 1535 470 1598 Quod
489 1535 626 1606 quodlibet
643 1547 770 1590 statutum
789 1539 907 1608 superius
934 1538 1092 1608 descriptum
1120 1540 1147 1592 In
1176 1555 1230 1609 quo
1248 1537 1277 1592 Iit
1303 1539 1405 1592 mentio
1423 1539 1451 1590 ia

295 1622 443 1676 masculino
461 1627 589 1692 genere'

278 1989 282 1994 Ι
323 1919 391 1974 SUB
411 1920 487 1974 llOC
507 1921 648 1975 TITULO
668 1921 940 1976 CONTINENTUR
959 1921 1134 1976 STATUTA
1155 1922 1439 1978 utIEFmoltust

694 2009 860 2063 COMUNIS
880 2009 1053 2064 BUGEILE.

298 2191 324 2236 1.
348 2167 397 2234 De
421 2165 525 2255 baylia
547 2165 694 2235 attributa
728 2167 862 2235 domino
896 2170 1047 2256 potestati
1081 2167 1231 2236 Clanario
1270 2187 1301 2236 et
1324 2168 1457 2238 Consu-

338 2271 430 2340 libus.

329 2397 467 2460 Quoniam
486 2413 541 2451 non
560 2397 627 2450 nulli
645 2415 706 2468 sepe
724 2399 889 2469 reperIuntur
905 2399 952 2470 qui
978 2399 1133 2470 delinquere
1161 2415 1216 2453 non
1245 2398 1391 2454 leonidam
1409 2401 1458 2455 hac

256 2478 266 2492 '
294 2485 433 2554 ereptione
451 2483 621 2550 confidentes,
640 2487 764 2540 uideIIcet
781 2488 853 2556 quod
873 2503 954 2541 nemo
972 2487 1030 2540 sine
1041 2501 1191 2540 accusatore
1207 2488 1315 2558 punitur
1326 2501 1459 2558 sperentes

293 2573 365 2642 quod
378 2585 613 2644 quantumcunque
625 2574 653 2627 in
666 2574 777 2628 alterum
791 2575 893 2629 seuirtnt
905 2575 1042 2628 neminem
1055 2575 1151 2628 audere
1165 2575 1236 2644 ipsos
1248 2587 1353 2645 propter
1365 2593 1458 2630 eorum

296 2661 446 2729 potenciam
463 2677 592 2714 accusare.
603 2661 687 2730 Igitur
704 2663 868 2715 attendentes
887 2663 958 2732 quod
977 2662 1014 2714 rei
1033 2662 1137 2732 publice
1155 2663 1263 2716 interest
1281 2675 1310 2716 ut
1329 2662 1459 2716 maleficia

294 2747 521 2818 qualitercumque
539 2747 680 2802 clamerint
697 2761 759 2817 aput
778 2749 821 2802 Ius
840 2749 980 2802 Dicentem
999 2765 1055 2802 non
1074 2761 1228 2804 remaneant
1239 2749 1369 2820 impunita
1381 2763 1408 2802 et
1425 2767 1460 2802 ne

295 2834 388 2888 talium
407 2848 504 2888 crescat
521 2835 623 2888 insania
641 2835 685 2890 sed
705 2838 796 2906 pocius
816 2835 959 2890 refrenetur
976 2837 1089 2891 audatia
1108 2837 1243 2890 Statutum
1263 2851 1290 2890 et
1307 2837 1459 2891 ordinatum

294 2934 333 2975 est
351 2923 423 2992 quod
442 2923 567 2976 dominus
585 2923 704 2978 Potestas
722 2924 831 2994 Bugelle
849 2925 950 2978 eteius
977 2925 1096 2978 Vicarius
1124 2925 1171 2994 qui
1189 2941 1262 2979 nunc
1288 2937 1350 2978 sunt
1368 2937 1394 2978 et
1413 2939 1460 2994 pro

293 3011 457 3080 temporibus
476 3009 572 3064 fuerint
590 3012 692 3081 possint
710 3023 848 3065 teneantur
866 3023 892 3064 et
910 3011 1016 3066 ualeant
1045 3025 1136 3066 contra
1170 3029 1351 3084 quoscumque
1369 3013 1458 3066 delin-

295 3111 405 3168 quentes
423 3097 466 3152 uel
484 3098 633 3168 inculpatos
651 3099 684 3151 de
713 3100 809 3170 quouis
836 3099 947 3151 crimine
965 3101 1105 3168 procedere
1125 3117 1170 3170 per
1188 3101 1260 3152 uiam
1279 3099 1460 3168 inquisitionis

295 3187 426 3240 denuncio
444 3187 486 3239 uel
505 3203 598 3239 accuse
617 3200 693 3256 prout
712 3188 749 3239 eis
769 3187 863 3239 melius
883 3187 1014 3240 uidebitur
1034 3187 1088 3240 lore
1107 3187 1312 3258 procedendum.
1343 3186 1460 3256 Excepto

295 3275 406 3328 crimine
424 3275 543 3344 adulterii
565 3276 592 3327 ln
611 3289 665 3344 quo
684 3275 796 3327 minime
815 3275 955 3345 procedere
973 3277 1066 3328 debeat
1085 3275 1127 3328 uel
1146 3273 1232 3328 ualeat
1250 3274 1301 3326 nisi
1321 3272 1400 3328 luerit
1418 3276 1461 3329 de·

296 3363 393 3416 nuncia
411 3363 453 3415 uel
472 3379 563 3416 accusa
576 3379 622 3415 seu
634 3361 740 3432 querela
754 3363 787 3414 de
800 3362 858 3431 ipso
872 3363 1041 3434 deliuquente
1053 3363 1112 3416 data
1125 3379 1171 3432 per
1182 3361 1324 3414 attinentes
1336 3361 1461 3416 mulimes

296 3451 338 3504 uel
358 3451 482 3504 maritum
501 3451 582 3520 ipsius
599 3461 645 3502 aut
663 3451 747 3520 ipsam
766 3450 914 3504 mulierem.
934 3451 968 3504 Iu
987 3462 1060 3521 raptu
1080 3465 1144 3502 uero
1158 3449 1271 3518 uirginis
1283 3461 1309 3502 et
1321 3449 1462 3503 sanctimo-

296 3538 373 3592 nialis
392 3538 492 3608 possint
510 3550 649 3591 teneantur
667 3550 693 3590 et
712 3538 818 3591 ualeant
837 3539 977 3608 procedere
995 3555 1040 3607 per
1058 3537 1258 3606 Inquisitionem
1278 3549 1307 3590 ut
1324 3553 1409 3606 supra
1428 3537 1461 3590 Et

296 3628 391 3680 eodem
411 3627 493 3680 modo
511 3639 650 3680 tencantur
668 3639 694 3679 et
713 3627 814 3695 possint
833 3627 973 3696 procedere
991 3625 1129 3679 Clauarius
1147 3637 1172 3678 et
1201 3624 1333 3677 Consules
1352 3623 1461 3694 Bugelle

296 3715 324 3768 in
342 3715 417 3768 omni
437 3715 548 3766 critolae
566 3730 613 3766 seu
627 3713 723 3766 delicto
736 3715 763 3766 in
778 3731 832 3783 quo
847 3729 901 3766 non
915 3713 1066 3782 imponatur
1081 3729 1147 3782 pena
1159 3712 1296 3780 sanguinis
1314 3712 1460 3764 secundum

296 3801 410 3856 [onnam
429 3813 585 3854 statutorum
605 3800 712 3854 inferius
731 3801 960 3870 subsequendum.
980 3799 1012 3852 Et
1032 3799 1083 3852 hoc
1103 3816 1206 3870 presens
1225 3811 1353 3852 statutum
1373 3797 1460 3851 ualeat

296 3903 322 3944 et
340 3891 458 3942 obtineat
477 3889 582 3959 plenam
601 3889 703 3940 roboris
722 3887 873 3941 firmitatem
892 3904 947 3941 non
976 3888 1097 3938 obstante
1123 3886 1210 3958 aliqua
1238 3885 1297 3954 lege
1324 3885 1397 3938 ciuili
1417 3886 1461 3939 uel

296 3975 419 4031 decretali
438 3975 467 4028 in
486 3975 647 4028 contranum
665 3975 800 4045 loquente,
819 3975 913 4045 quibus
932 3991 963 4027 ex
982 3989 1054 4026 nunc
1072 3973 1128 4026 iore
1140 3973 1285 4042 specialiter
1295 3973 1460 4042 derogatum

295 4151 327 4200 a.
349 4133 399 4200 De
422 4131 534 4202 ordine
557 4129 752 4220 procedendi
776 4149 886 4198 contra
908 4131 1079 4220 inquisitos
1103 4147 1135 4196 et
1158 4128 1378 4198 denunciatus.

331 4239 399 4292 Item
419 4251 448 4293 ut
466 4255 601 4310 processus
618 4238 739 4291 ordinate
758 4237 820 4290 fiant
839 4249 865 4290 et
883 4237 1041 4290 dilationum
1060 4249 1086 4290 et
1098 4236 1297 4290 cauillationum
1310 4249 1462 4307 amputetur

298 4328 414 4382 nuteria.
434 4327 568 4381 Statuturn
587 4327 716 4397 estquod
735 4325 846 4380 fomrata
865 4325 1037 4396 inquisitione
1055 4341 1102 4380 seu
1116 4325 1320 4380 denunciatione
1333 4327 1375 4378 uel
1389 4341 1461 4380 accu-
