3958 5540
519 559 571 598 tto

555 667 612 722 166.
631 669 699 724 Item
717 669 790 740 quod
808 671 930 726 consules
947 689 964 725 a
981 673 1024 728 die
1042 673 1214 740 mancionis,
1233 674 1364 728 denuncie
1376 685 1402 728 et
1420 675 1605 746 inquisicionis
1622 675 1682 730 ban·

515 773 581 810 num
599 757 717 812 acordari
735 757 832 812 faciant
850 758 917 814 Infra
936 777 1067 816 mensem

553 896 610 968 167.
629 898 697 953 Item
715 900 787 970 quod
806 911 901 973 quator
917 900 1019 956 vicibus
1037 901 1065 956 in
1083 919 1156 957 anno
1173 901 1258 958 silicet
1276 903 1309 956 de
1327 902 1410 958 tribus
1427 903 1456 958 in
1483 915 1535 958 tres
1564 921 1681 960 metasset

515 1002 561 1058 per
578 987 700 1042 consules
712 987 745 1042 de
757 987 885 1042 consdlio
897 1001 1011 1060 quatuor
1023 989 1067 1044 uel
1080 990 1125 1044 VI.
1139 991 1172 1044 de
1184 991 1321 1045 credentia
1334 992 1424 1046 banno
1436 991 1550 1046 debeant
1560 993 1680 1048 iudicari.

552 1143 609 1199 168.
628 1145 696 1200 Item
714 1146 787 1218 quod
804 1148 924 1202 bannum
942 1147 1025 1202 semel
1042 1148 1189 1204 iudicamm
1207 1165 1264 1204 non
1282 1149 1376 1204 debeat
1395 1149 1509 1220 amplius
1526 1151 1645 1206 iudioari.

553 1305 611 1376 169.
629 1305 697 1361 Item
715 1307 788 1378 quod
805 1307 839 1361 de
856 1307 946 1378 aliquo
964 1310 1054 1363 banno
1072 1309 1188 1362 iudimto
1205 1308 1280 1363 nulla
1298 1309 1418 1364 remissio
1436 1308 1493 1364 fieri
1512 1311 1601 1382 possit.
1620 1311 1662 1382 (1)

555 1480 611 1533 170.
626 1465 694 1519 Item
712 1467 784 1536 quod
803 1483 851 1536 pro
869 1465 1007 1520 solucione
1025 1467 1106 1522 banni
1124 1466 1192 1521 nulli
1218 1466 1297 1521 liceat
1323 1468 1453 1522 obmitere
1482 1467 1524 1522 uel
1549 1469 1634 1524 lacere
1652 1471 1679 1524 id

516 1569 564 1622 pro
582 1569 637 1622 quo
655 1553 774 1606 bannum
791 1553 907 1608 soluerat
925 1555 1113 1624 supradIctum.

554 1725 611 1781 171.
630 1711 698 1766 Item
714 1711 788 1783 quod
806 1712 853 1783 qui
870 1728 926 1767 non
945 1713 1048 1767 uenerit
1065 1713 1098 1768 ad
1116 1715 1279 1784 presenciam
1297 1714 1438 1769 consulum
1457 1716 1629 1786 personaliter
1646 1718 1681 1770 ci-

516 1811 585 1852 tatus
602 1799 636 1852 ad
653 1798 810 1854 instinctam
828 1798 940 1855 alicuius
957 1800 1045 1855 soluat
1064 1802 1182 1856 bannum
1201 1802 1349 1857 solidorum
1360 1803 1393 1856 Π.
1412 1805 1434 1858 si
1448 1803 1563 1858 uoluerit
1578 1805 1623 1858 ille
1636 1805 1682 1878 qui

516 1887 607 1959 ipsum
625 1886 698 1940 citari
716 1887 785 1942 lecit.
804 1888 847 1959 (η)

731 2113 773 2168 23.
792 2099 841 2153 DE
860 2098 1197 2155 RECEPTATORIBUS.
1217 2131 1249 2140 -
1269 2100 1323 2154 Fol.
1342 2115 1458 2156 cxxvrn.

555 2306 612 2360 172.
630 2292 698 2345 Item
716 2292 788 2363 quod
806 2291 896 2346 nullus
914 2293 1007 2347 debmt
1025 2307 1156 2364 receptare
1174 2293 1243 2348 fures
1262 2295 1389 2364 publicos,
1408 2294 1530 2361 latrones,
1560 2297 1683 2352 bannitus

517 2379 579 2432 dicti
597 2381 720 2434 comunis
738 2380 781 2433 uel
800 2380 918 2446 rebelles,
937 2382 1053 2451 predam,
1072 2383 1203 2436 robarlam
1222 2383 1265 2436 uel
1284 2401 1325 2438 res
1343 2383 1453 2438 furtiuas
1476 2397 1522 2438 aut
1540 2385 1680 2440 mulierem

516 2466 621 2538 publice
639 2479 793 2521 manentem
810 2467 839 2522 in
857 2467 987 2522 adulterio
1005 2469 1033 2522 in
1052 2471 1141 2525 banno
1159 2470 1307 2525 solidorum
1326 2471 1381 2524 LX.

555 2623 613 2677 173.
632 2609 699 2662 Item
717 2609 791 2679 quod
808 2609 935 2663 habentes
954 2611 1067 2664 cassinas
1085 2623 1158 2664 extra
1176 2623 1263 2681 portas
1289 2609 1395 2682 bugelle
1421 2629 1477 2666 non
1506 2613 1618 2667 debeent
1637 2631 1680 2667 re-

517 2708 620 2766 ceptare
637 2695 774 2749 neminem
794 2697 821 2749 in
840 2698 902 2767 ipsis
920 2698 969 2752 sub
988 2715 1056 2768 pena
1073 2699 1220 2751 solidorum
1239 2699 1296 2753 ΧΥ.
1317 2699 1491 2770 papiensium.

653 2902 694 2954 24
726 2889 774 2942 DE
793 2889 1027 2955 VENDICIONE,
1046 2890 1275 2956 DONATIONE,
1294 2889 1543 2946 ALIENACIONE

799 2976 847 3031 ET
866 2977 1088 3034 LOCACIONE.
1110 3011 1142 3020 -
1162 2981 1217 3033 Fol.
1239 2995 1327 3034 cxrux
1346 2981 1397 3051 (3).
1514 3003 1521 3012 ¹

557 3183 614 3237 174.
633 3170 791 3253 Item'quod
810 3170 900 3224 nullus
917 3173 1010 3226 debeat
1029 3172 1115 3226 locare
1133 3173 1245 3226 domurn
1265 3173 1307 3226 uel
1326 3173 1406 3228 aliam
1424 3175 1618 3245 possessionem
1637 3175 1684 3229 bu-

518 3256 588 3327 gelle
605 3257 684 3311 alicui
702 3258 808 3328 publico
827 3259 924 3314 latroni
942 3261 1051 3315 bannito
1069 3279 1115 3314 seu
1135 3261 1224 3314 rebelli
1244 3263 1307 3315 dicti
1319 3263 1442 3316 comunis
1454 3275 1500 3317 aut
1513 3263 1617 3316 mulien'
1630 3280 1684 3316 ma·

518 3347 593 3398 nenti
610 3346 715 3417 publice
733 3346 760 3400 in
774 3346 904 3402 adulterio
916 3348 960 3402 uel
972 3350 1077 3402 notorie
1089 3350 1292 3402 excomunicato
1305 3350 1354 3404 sub
1367 3352 1456 3404 banno
1468 3351 1615 3405 solidorum
1626 3351 1682 3404 XL.

557 3521 615 3575 175·
634 3507 701 3560 Item
719 3506 791 3576 quod
810 3505 911 3560 looetor
929 3525 976 3578 pro
1004 3508 1166 3561 conductore
1193 3510 1280 3561 banna
1298 3520 1324 3560 et
1351 3507 1425 3561 fodra
1443 3508 1546 3562 soluere
1564 3521 1684 3562 teneatur

518 3594 540 3646 si
562 3594 707 3649 conductor
725 3610 780 3648 non
799 3606 867 3649 esset
883 3595 1005 3666 ydoneus
1022 3597 1055 3650 ad
1073 3596 1233 3650 soluendum
1252 3597 1301 3650 sub
1319 3597 1409 3650 banno
1427 3595 1575 3650 solidorum
1593 3597 1651 3650 XX.

558 3753 616 3821 176.
635 3752 702 3807 Item
720 3754 792 3824 quod
810 3753 900 3807 nullus
917 3754 1015 3808 alienet
1033 3755 1210 3824 possessiones
1236 3772 1301 3826 quas
1319 3767 1392 3809 tenet
1417 3773 1433 3810 a
1451 3755 1561 3808 comuni
1585 3755 1684 3826 absque

520 3840 629 3895 licencia
648 3841 711 3896 dicti
730 3841 853 3896 comunis
871 3842 920 3896 sub
938 3844 1028 3897 banno
1046 3843 1193 3899 solidorum
1212 3843 1267 3897 Lx.

547 4122 575 4174 (tl
590 4122 657 4176 Capit.
671 4121 711 4162 ltoc
725 4121 855 4163 obliteratum
868 4131 908 4162 est

546 4193 576 4242 (ι)
589 4191 613 4232 In
626 4192 666 4232 ltoc
680 4193 895 4247 capillamentum
916 4191 982 4233 forma
1003 4193 1099 4244 occurrit,
1120 4204 1180 4248 etque
1201 4193 1328 4243 huiusmodi,
1349 4203 1372 4234 nt
1393 4203 1493 4248 tempore,
1514 4207 1566 4248 quse
1589 4195 1684 4248 deinceps

521 4262 599 4314 adjectu
612 4271 668 4310 sunt,
683 4263 797 4302 entecedrt.

550 4333 577 4384 (3)
592 4333 656 4380 Quod
669 4333 755 4384 hujusce
775 4334 860 4388 peginse
881 4333 981 4386 reliquum
995 4344 1034 4384 est,
1049 4336 1126 4388 scripto
1140 4336 1225 4376 omnino
1240 4345 1306 4376 vocat.
1321 4334 1345 4375 ln
1358 4349 1383 4376 en
1396 4343 1474 4384 tutem,
1483 4347 1536 4389 quae
1550 4335 1640 4389 proxime
1654 4348 1685 4375 se»

523 4405 600 4459 quitur,
615 4403 715 4458 descripta
728 4413 776 4444 auat
789 4415 842 4458 quae
855 4403 888 4445 hic
902 4403 1017 4446 referuntur
1030 4404 1126 4460 capitulo.
