3918 5554
1353 571 1402 626 275

272 697 316 752 45.
335 683 403 737 ltem
421 693 549 736 statutum
568 693 606 734 est
624 680 698 751 quod
716 695 811 734 omnes
838 679 947 750 bcccarij
979 681 1013 734 de
1031 681 1147 734 beccaria
1171 681 1284 735 debeant
1303 681 1341 752 ire
1371 681 1403 734 acl

238 787 348 842 corpora
366 771 388 824 si
419 768 497 824 luerit
525 769 563 822 eis
590 779 750 840 preceptum.
778 768 812 822 Et
838 769 884 839 qui
903 767 1085 822 contrafecerit
1102 769 1190 823 soluat
1208 770 1327 824 monum
1345 767 1405 822 soli·

238 859 335 914 dorum
354 859 386 930 1J.
406 857 581 930 papiensium.

273 1018 317 1083 46.
335 1017 404 1072 ltem
421 1029 550 1071 statutum
568 1017 696 1088 estquod
715 1015 805 1071 nullus
824 1017 955 1070 boccarius
973 1017 1006 1070 de
1024 1017 1140 1072 bertarit
1158 1018 1253 1072 debeat
1269 1031 1359 1074 tenere
1376 1021 1404 1074 in

239 1105 355 1160 beccaria
373 1104 475 1176 aliquas
493 1121 653 1175 carnesque
681 1121 736 1158 non
767 1105 820 1158 sint
846 1103 1013 1159 sufficientes.
1040 1105 1074 1159 Et
1103 1106 1125 1158 si
1144 1105 1275 1159 Consules
1293 1107 1406 1160 sinerint

238 1195 297 1250 illas
315 1194 358 1248 uel
377 1193 455 1247 luerit
472 1194 511 1247 eis
529 1193 718 1247 denunciatum
737 1193 809 1263 qnod
828 1193 877 1262 ipsi
896 1193 1028 1247 Consules
1046 1193 1159 1246 debeant
1176 1194 1274 1264 eligere
1292 1207 1407 1265 quatuor

240 1283 371 1336 beocmms
389 1283 422 1336 acl
440 1282 586 1337 videndum
613 1297 657 1334 oss
675 1292 702 1334 et
721 1297 766 1350 per
783 1296 877 1334 eorum
896 1282 1039 1336 consilinm
1058 1281 1150 1336 lacere.
1169 1281 1235 1336 Etsi
1250 1298 1305 1336 non
1318 1299 1403 1336 essent

239 1371 429 1426 conuenientes
448 1381 588 1442 postquam
613 1381 680 1422 esset
706 1368 745 1422 eis
771 1379 923 1438 preceptum
954 1385 1000 1438 per
1027 1369 1174 1424 Consulem
1192 1371 1285 1425 debeat
1303 1383 1407 1443 portare

239 1457 309 1513 loras
326 1459 360 1512 de
378 1459 495 1512 beccam
513 1459 562 1512 snb
580 1458 670 1511 banno
687 1456 835 1510 solidorum
854 1455 886 1510 X.
906 1457 1080 1527 papiensium.

274 1633 318 1686 47.
336 1617 407 1672 Item
425 1627 554 1670 statutum
572 1627 611 1668 est
629 1615 702 1686 quod
720 1613 852 1668 Consules
870 1615 916 1684 qni
935 1631 982 1683 pro
1001 1616 1164 1685 temporibus
1177 1615 1274 1671 luerint
1291 1619 1404 1672 debeant

239 1721 338 1776 ponere
355 1705 384 1758 in
402 1703 499 1775 scripto
516 1719 611 1758 omnes
630 1701 690 1756 illos
712 1702 758 1772 qui
777 1701 924 1756 morientur
943 1702 970 1754 in
983 1718 1055 1755 anno
1068 1703 1201 1774 quierunt
1213 1704 1246 1758 de
1259 1705 1406 1760 Consorcio

239 1793 363 1847 becmrie.
382 1791 416 1846 Et
434 1791 547 1846 debeant
565 1807 656 1861 capere
674 1791 707 1844 ab
725 1790 764 1844 eis
782 1789 951 1844 consorcium
970 1805 1049 1843 suurn
1077 1791 1149 1862 quod
1180 1792 1228 1860 ipsi
1248 1795 1406 1848 tenebantur

239 1879 321 1934 semel
339 1881 367 1934 in
386 1895 466 1933 anno.
486 1879 520 1932 Et
537 1877 621 1932 lacere
639 1893 719 1930 enam
739 1877 919 1930 Elemosinam
934 1893 981 1946 pro
994 1877 1133 1930 aninaabus
1145 1879 1283 1934 eorumdc
1294 1881 1407 1936 consilio

241 1968 399 2022 Consulum.

274 2111 317 2176 48.
336 2110 404 2162 ltem
413 2121 541 2163 statutum
554 2121 593 2162 est
602 2109 673 2179 quod
683 2107 814 2163 Consules
824 2121 964 2162 teneantur
975 2108 1112 2180 ponerein
1130 2109 1227 2180 scripto
1249 2127 1343 2164 omncs
1361 2111 1408 2182 qui

240 2199 339 2252 faciunt
358 2197 501 2268 sequelam,
520 2198 553 2250 Et
571 2198 616 2268 qni
635 2213 690 2250 non
710 2197 799 2250 lecerit
817 2196 883 2250 inira
902 2214 984 2250 vnum
996 2215 1115 2250 mensem
1130 2211 1188 2267 post
1201 2210 1322 2252 sanctum
1341 2199 1408 2251 blar-

239 2287 326 2341 tinum
344 2303 400 2340 non
419 2285 501 2356 possit
518 2283 635 2355 aliquam
654 2283 794 2338 utilitatem
812 2301 861 2338 nec
879 2285 1032 2338 societatem
1050 2285 1078 2338 in
1097 2285 1165 2338 dicta
1179 2285 1295 2340 bacaria
1311 2285 1408 2340 habere

240 2374 381 2445 perillum
399 2389 501 2428 anunm
519 2373 565 2428 sed
583 2373 617 2426 sit
636 2372 759 2426 bannitus
777 2373 846 2426 dicte
865 2374 988 2426 beccarie.

275 2549 318 2604 49.
336 2534 405 2588 Item
423 2544 550 2588 sntutum
569 2544 607 2586 est
626 2533 698 2602 quod
717 2533 739 2584 si
757 2531 853 2602 aliquis
871 2532 1003 2586 beccarius
1015 2533 1048 2586 de
1061 2533 1177 2586 mccaria
1189 2543 1256 2586 esset
1269 2533 1297 2586 in
1317 2534 1406 2588 banno

240 2621 419 2674 beccariorum
438 2620 481 2674 uel
499 2633 632 2673 teneretur
649 2619 727 2672 alicui
747 2619 865 2674 beccario
883 2621 1014 2684 denarios,
1041 2621 1073 2674 Et
1102 2621 1156 2690 ipse
1186 2620 1271 2674 nollet
1302 2621 1406 2675 soluere

241 2709 355 2779 predicta
374 2709 461 2762 banna
478 2709 535 2760 siue
553 2709 683 2771 denarios,
708 2709 780 2778 quod
799 2707 930 2762 Consules
949 2721 1087 2762 tencantur
1105 2709 1238 2779 inquirere
1256 2725 1301 2779 per
1319 2725 1407 2763 sacra·

242 2809 363 2849 arentum
381 2809 408 2848 et
426 2795 523 2866 inquiri
542 2795 626 2848 lacere
645 2808 746 2864 partem
764 2812 845 2865 quam
864 2797 948 2848 dictus
967 2797 1098 2850 beccarius
1118 2799 1225 2850 baberet
1243 2799 1271 2850 in
1291 2801 1406 2853 beccaria

242 2895 384 2954 ct'poncre
402 2882 475 2935 illam
495 2895 595 2950 parcens
614 2881 764 2934 comuniter
782 2882 850 2935 inter
868 2883 955 2936 socios
973 2895 999 2936 et
1017 2884 1121 2935 soluere
1140 2884 1199 2936 illos
1223 2886 1345 2938 denarios
1363 2887 1404 2938 cui

241 2983 373 3026 teneretur
390 2971 424 3024 de
441 2969 573 3022 socictate
593 2969 626 3023 Et
644 2969 695 3022 hoc
714 2971 849 3038 perueniat
868 2969 936 3022 inter
954 2971 1078 3024 Comnne
1092 2971 1279 3026 beccanorum.
1299 2975 1331 3026 Et
1350 2991 1409 3044 pars

242 3076 294 3130 que
313 3071 380 3112 essct
398 3058 458 3110 data
477 3057 555 3110 alicui
586 3059 613 3110 in
645 3069 805 3127 pagamento
835 3059 917 3127 possit
941 3059 1052 3110 raldimi
1072 3058 1138 3111 inira
1158 3076 1241 3112 vnum
1260 3077 1361 3115 annum
1380 3075 1407 3116 et

243 3148 323 3202 diem.
344 3145 494 3200 Retinendo
512 3157 601 3200 tamen
621 3145 648 3198 in
667 3161 696 3198 se
714 3161 793 3198 unam
813 3146 944 3214 canigiarn
973 3145 1102 3215 paelictus
1131 3147 1262 3200 beccaricn
1280 3150 1322 3202 cui
1342 3163 1409 3204 esset

243 3235 358 3305 predicta
378 3250 443 3304 pars.

282 3392 322 3443 50.
342 3375 408 3429 ltem
428 3387 555 3428 statutum
575 3387 613 3427 cst
632 3375 704 3444 quod
723 3375 744 3428 si
764 3375 859 3446 aliquis
878 3376 1009 3428 beccarius
1028 3377 1072 3446 qni
1093 3377 1125 3429 sit
1144 3377 1176 3429 cle
1202 3377 1325 3446 Collegio
1345 3381 1407 3432 bec-

243 3465 312 3517 carie
330 3463 375 3535 qul
395 3463 572 3518 manifestaret
604 3463 721 3533 aliquam
750 3481 807 3518 rent
837 3482 889 3534 que
919 3477 985 3516 eset
1005 3465 1075 3518 clictn
1094 3466 1218 3533 Colle-gio
1238 3468 1365 3534 pris-atam
1384 3481 1409 3521 et

244 3552 346 3606 dictum
364 3565 431 3606 esset
450 3553 487 3606 eis
505 3552 577 3624 quod
596 3569 651 3606 non
670 3552 795 3606 deberent
814 3553 896 3605 nichil
916 3553 1002 3606 dicere
1031 3553 1108 3606 alicui
1135 3571 1245 3624 persora·
1264 3571 1309 3624 per
1329 3573 1410 3609 sacra·

245 3653 367 3696 mentum
386 3654 412 3694 et
430 3642 485 3712 ipse
503 3642 600 3694 diceret
618 3653 644 3694 et
663 3653 730 3694 esset
749 3645 880 3711 lepcrtum
899 3659 944 3712 per
963 3641 1093 3696 Consules
1112 3643 1204 3696 Scluat
1224 3661 1272 3712 pro
1289 3645 1411 3713 quolibet

244 3741 270 3782 et
288 3730 404 3800 qualibet
421 3729 481 3782 uice
500 3745 547 3799 pro
566 3731 655 3782 banuo
674 3729 773 3782 solidos
792 3728 825 3781 V.
840 3731 1005 3800 papiensium
1017 3731 1073 3784 Nisi
1088 3743 1155 3783 essct
1168 3744 1258 3784 contra
1277 3732 1408 3786 hortorum

244 3830 271 3872 et
289 3817 428 3870 utilitatem
447 3817 550 3871 domini
569 3817 691 3888 Episcopi
710 3829 736 3870 et
755 3816 887 3872 Comunis
907 3819 1015 3886 Bugelle
1034 3831 1059 3872 et
1074 3819 1187 3889 predicta
1210 3837 1264 3872 non
1289 3833 1410 3874 tencatur

245 3917 334 3960 tenere
352 3917 459 3960 secreta.

283 4063 323 4118 51.
342 4047 409 4102 Item
429 4058 554 4100 statutum
574 4059 612 4101 est
631 4047 702 4118 qnod
722 4047 853 4102 Consules
872 4061 1012 4102 teneantur
1025 4065 1122 4118 ponere
1136 4051 1163 4102 in
1177 4051 1302 4122 scriptum
1316 4065 1410 4104 omncs

244 4135 306 4192 illos
324 4137 370 4208 qui
389 4134 516 4189 soluerint
535 4136 702 4190 consorcium
721 4137 753 4190 ad
774 4134 870 4190 letum
888 4137 1041 4190 Natiuitatis
1060 4138 1172 4190 domini.

284 4291 324 4346 52.
343 4277 411 4331 Item
429 4287 555 4330 statutum
585 4287 624 4329 est
651 4275 723 4346 quod
750 4274 772 4328 si
799 4255 893 4346 aliquis
922 4277 1054 4330 beccaritn
1073 4277 1179 4331 baberet
1197 4277 1313 4348 aliquem
1333 4295 1410 4333 snum

246 4363 333 4420 lilium
352 4377 378 4418 et
396 4363 442 4418 ille
460 4363 529 4418 lilius
547 4377 647 4418 emeret
675 4363 776 4434 aliquas
802 4377 954 4420 nummatas
983 4367 1016 4419 ab
1040 4365 1172 4436 aliquibus
1191 4367 1308 4437 personis
1327 4368 1409 4438 perti·
