3958 5540
523 481 555 549 58

557 617 615 672 300.
633 603 701 656 Item
719 614 846 657 summm
864 603 992 673 estquod
1010 603 1032 656 si
1050 604 1109 674 quis
1125 604 1234 660 baberet
1250 604 1366 676 aliquam
1384 605 1495 662 besuam
1513 605 1556 660 uel
1574 606 1681 661 duceret

519 706 566 743 seu
584 691 645 743 duci
664 689 758 743 iaceret
774 703 845 743 extm
863 691 1002 760 poderium
1022 691 1128 760 bugella
1145 691 1188 744 001
1207 689 1316 745 Vemati
1334 703 1361 745 et
1377 693 1414 745 ibi
1441 707 1682 764 mangagnarentur

519 776 562 830 uel
581 777 763 830 occiderentur
779 795 835 832 non
853 778 965 831 debeant
983 778 1034 830 sibi
1051 778 1194 831 emendari
1213 795 1228 830 a
1246 779 1355 832 comuni
1375 780 1487 850 bugelle

557 931 614 984 301.
633 915 701 970 Item
719 929 846 970 statutum
864 929 903 970 est
921 918 993 986 quod
1012 916 1057 988 qui
1075 917 1127 970 iret
1144 918 1172 970 in
1193 919 1301 988 predam
1319 919 1362 972 uel
1381 921 1511 973 robariam
1523 919 1609 974 soluat
1621 921 1681 973 ban-

519 1021 586 1056 num
604 1004 653 1058 sol.
672 1005 703 1056 C.
723 1005 766 1074 (1)
785 1021 827 1074 pp.
847 1021 894 1074 pro
912 1005 1029 1075 qualibet
1047 1005 1111 1057 vice.
1131 1005 1164 1057 Et
1182 1005 1305 1059 consules
1322 1018 1462 1060 teneantur
1480 1007 1619 1077 inquirere.
1638 1008 1681 1076 (2)

520 1089 602 1153 Quod
613 1103 740 1144 statutum
754 1107 809 1145 non
821 1090 983 1162 intelligatur
992 1105 1083 1145 contra
1095 1091 1204 1145 rebelles
1213 1105 1239 1145 et
1249 1093 1372 1146 inimicos
1381 1095 1503 1147 comunis
1514 1094 1620 1165 bugelle
1629 1093 1680 1163 (2).

557 1227 614 1280 302.
633 1213 700 1266 Item
719 1225 847 1266 statutum
865 1226 904 1267 eat
922 1214 1034 1284 quodsi
1061 1215 1120 1284 quis
1147 1213 1240 1267 emerit
1267 1215 1374 1284 predam
1402 1215 1444 1268 uel
1474 1217 1604 1268 robariam
1623 1217 1679 1269 siue

518 1300 618 1356 furtum
636 1302 723 1356 soluat
752 1302 871 1354 bannum
898 1301 947 1355 sol.
966 1301 1021 1354 LX.
1050 1303 1092 1370 (3)
1111 1319 1153 1372 pp.
1181 1302 1232 1354 nisi
1250 1302 1305 1371 ipsa
1323 1303 1403 1372 preda
1421 1303 1464 1356 uel
1483 1305 1614 1357 robariam
1631 1321 1677 1357 seu

518 1388 618 1443 furtum
635 1401 703 1444 asset
720 1390 915 1461 guerreriorum
933 1389 1055 1442 comunis
1073 1388 1185 1458 bugelle.
1205 1402 1232 1442 et
1253 1390 1375 1444 consules
1386 1403 1525 1444 teneantur
1536 1392 1679 1461 InquIrere.

556 1527 614 1582 303.
633 1513 700 1566 Item
718 1524 845 1566 statutum
863 1511 992 1581 estquod
1021 1512 1067 1581 qui
1098 1511 1286 1565 aranchauerit
1314 1512 1358 1565 uel
1385 1514 1538 1582 strepauerit
1564 1513 1680 1583 aliquem

517 1615 608 1668 sepem
626 1600 669 1652 uel
687 1599 816 1653 terminos
833 1598 920 1652 soluat
934 1599 1056 1656 bannum
1074 1614 1122 1667 pro
1140 1598 1256 1669 qualibet
1276 1600 1333 1652 vice
1351 1601 1399 1654 sol.
1418 1600 1476 1656 ΧΧ.
1495 1616 1538 1669 pp.
1557 1601 1608 1654 nisi
1626 1601 1678 1654 ba·

518 1687 578 1740 beat
594 1686 694 1740 iustam
712 1703 825 1740 causam.

556 1842 613 1896 304.
632 1829 700 1882 Item
718 1839 846 1883 statutum
864 1839 903 1880 ast
921 1827 993 1897 quod
1011 1825 1105 1895 aliquis
1123 1841 1178 1878 non
1198 1827 1291 1880 debeat
1308 1842 1400 1896 capere
1418 1837 1550 1880 castaneas
1567 1828 1600 1880 ad
1618 1821 1683 1880 01ἰοι

518 1933 566 1971 nas
583 1917 701 1970 eriaarIm
719 1933 768 1970 000
786 1915 906 1986 frangere
924 1914 967 1967 uel
985 1926 1105 1984 guastare
1123 1913 1221 1966 alienas
1237 1913 1362 1966 erizarias
1382 1925 1408 1967 et
1426 1915 1471 1984 qui
1490 1913 1677 1968 contrafecerit

518 2004 605 2058 soluat
622 2021 669 2074 pro
688 2003 806 2074 quolibet
824 2015 850 2056 et
867 2001 984 2073 qualibet
1002 2001 1059 2054 vice
1077 2000 1124 2054 sol.
1144 2000 1201 2053 XX
1220 2001 1254 2054 00
1272 2001 1322 2054 010
1350 2012 1376 2052 et
1394 2000 1427 2053 de
1447 2013 1526 2054 nocte
1555 2001 1603 2054 sol
1622 2001 1678 2054 LX.

519 2105 545 2146 et
563 2092 687 2146 ernendet
707 2093 833 2160 dapnum.

556 2246 613 2301 3⁰5·
632 2232 699 2285 Item
716 2241 844 2284 statutum
862 2228 990 2299 estquod
1008 2227 1054 2299 qui
1073 2227 1161 2281 lecerit
1179 2227 1338 2298 preconizan'
1356 2227 1472 2297 aliquam
1485 2227 1677 2298 possessionem

518 2335 599 2389 quam
616 2319 711 2372 babeat
728 2335 806 2386 super
822 2319 894 2371 curia
911 2316 1024 2386 bugelle.
1043 2316 1074 2368 In
1093 2317 1189 2369 banno.
1208 2333 1254 2384 per
1271 2316 1354 2369 alium
1373 2331 1454 2386 quam
1486 2333 1532 2386 per
1549 2317 1678 2368 nuncium

517 2405 659 2459 consulum
676 2418 703 2458 et
720 2407 754 2458 de
771 2417 893 2475 precepto
911 2405 1036 2473 ipsorum.
1055 2403 1089 2456 Et
1106 2403 1213 2472 siquod
1231 2403 1378 2471 0010ρο010
1396 2403 1421 2454 ei
1434 2402 1531 2455 Iactum
1544 2401 1629 2455 fuerit
1647 2403 1678 2455 ln

517 2495 572 2564 ipsa
585 2494 748 2563 possessione
760 2507 816 2545 000
828 2493 923 2544 babeat
935 2493 967 2544 de
980 2492 1037 2560 ipso
1050 2491 1166 2559 dampno
1179 2490 1394 2542 emendationem
1406 2489 1523 2559 aliquam
1534 2507 1549 2542 a
1559 2491 1676 2542 comuni.

556 2631 613 2702 306.
631 2633 699 2686 Item
726 2643 853 2685 statutum
877 2630 1004 2701 estquod
1031 2629 1119 2699 aliqua
1146 2645 1264 2698 persona
1292 2629 1323 2680 In
1350 2628 1394 2681 die
1411 2628 1556 2681 natiuitatis
1573 2628 1677 2681 domini

517 2721 624 2791 quando
642 2720 708 2773 cerei
727 2731 863 2789 portantur
880 2719 913 2771 de
939 2717 1025 2787 placio
1051 2717 1084 2769 ad
1111 2728 1231 2769 sanctum
1257 2715 1415 2784 stephanum
1443 2731 1499 2768 000
1517 2715 1610 2768 debeat
1628 2731 1678 2768 nec

517 2819 663 2879 pressumat
681 2823 779 2876 ponere
796 2807 888 2876 ignem
906 2806 935 2858 in
953 2805 1041 2875 aliqua
1067 2804 1148 2857 cessit
1174 2821 1220 2856 seu
1239 2821 1300 2872 sepe
1324 2803 1368 2855 uel
1395 2802 1494 2872 capillis
1513 2802 1556 2855 uel
1585 2803 1679 2871 panuls

516 2896 627 2948 alicuius
644 2907 671 2948 et
688 2895 734 2964 qui
752 2893 932 2947 contrafecerit
949 2893 1035 2946 soluat
1053 2893 1171 2945 bannum
1189 2890 1238 2944 sol.
1251 2891 1375 2961 quinque
1389 2902 1416 2942 et
1428 2891 1552 2943 emendet
1560 2891 1678 2960 dapnum

517 2983 551 3037 Et
569 2981 680 3053 quilibet
698 2983 779 3052 possit
797 2997 937 3034 accussare.

555 3137 613 3193 307.
631 3123 674 3192 (4)
693 3123 759 3176 Item
777 3133 904 3174 statutum
931 3133 957 3173 et
975 3119 1127 3173 ordinatum
1154 3117 1283 3187 estquod
1309 3114 1447 3170 sifactum
1474 3113 1552 3170 fixerit
1569 3116 1677 3187 aliquod

517 3211 664 3282 dampnum
682 3211 726 3264 uel
744 3221 849 3263 uastum
868 3208 911 3262 uel
929 3209 1026 3261 iniuria
1043 3206 1122 3260 alicui
1140 3221 1251 3275 persone
1268 3204 1301 3257 de
1320 3203 1425 3273 bugella
1442 3221 1489 3256 seu
1500 3204 1630 3258 habitanti
1648 3205 1677 3256 10

517 3299 622 3370 bugella
640 3299 668 3351 10
686 3297 763 3351 bonis
781 3297 834 3350 suis
852 3309 879 3348 et
895 3297 972 3348 rebus
990 3295 1133 3348 mobilibus
1151 3305 1177 3346 et
1194 3291 1377 3344 immobilibus
1395 3291 1470 3344 terris
1482 3290 1524 3344 uel
1538 3290 1678 3360 possessio·

517 3388 595 3440 nibus
612 3386 669 3439 siue
687 3386 739 3438 sint
757 3386 785 3436 in
803 3395 876 3436 curte
894 3395 920 3434 et
938 3380 1069 3434 territorio
1088 3379 1193 3449 bugelle
1220 3391 1247 3430 et
1264 3378 1373 3432 Vemati
1400 3377 1458 3430 siue
1476 3377 1547 3430 alibi.
1565 3390 1591 3430 et
1609 3378 1678 3431 dicta

517 3489 628 3544 persona
645 3473 730 3525 homo
749 3470 791 3524 uel
810 3470 908 3523 semina
927 3486 955 3521 se
973 3468 1095 3523 defendat
1125 3466 1158 3519 de
1176 3467 1233 3518 iure
1251 3464 1294 3517 uel
1313 3465 1346 3517 de
1364 3463 1440 3516 lacto.
1460 3481 1475 3516 0
1496 3464 1584 3518 frodis
1603 3463 1677 3517 fictis

516 3563 593 3632 talijs.
612 3561 713 3614 bannis
732 3559 831 3612 dicitis
850 3570 877 3610 et
902 3557 1026 3609 collectis
1054 3553 1185 3624 impositis
1203 3565 1229 3605 et
1247 3553 1417 3621 imponendis
1445 3568 1492 3621 per
1517 3568 1633 3606 comune
1651 3562 1678 3604 et

516 3648 641 3702 homines
667 3645 779 3716 bugelle
807 3645 850 3713 (2)
877 3643 920 3696 001
948 3643 993 3713 qui
1021 3658 1076 3694 000
1103 3640 1189 3693 soluat
1217 3638 1291 3691 fodra
1309 3638 1393 3691 dacita
1411 3637 1510 3692 colecta
1528 3649 1554 3690 et
1578 3638 1678 3690 honera

517 3735 661 3788 substineat
678 3749 740 3786 cum
767 3731 877 3784 comuni
904 3742 930 3783 et
956 3728 1111 3782 hominibus
1129 3726 1162 3779 de
1188 3725 1302 3795 bugella.
1321 3724 1364 3792 (2)
1383 3725 1455 3794 quod
1473 3723 1539 3776 illud
1560 3725 1677 3792 dapnum

517 3822 613 3875 iniuria
631 3820 674 3874 uel
692 3831 798 3873 uastum
816 3819 840 3870 ei
858 3816 902 3870 uel
919 3815 958 3869 eis
976 3831 1031 3868 non
1050 3815 1200 3867 restituatur
1217 3829 1266 3864 nec
1284 3811 1388 3864 restitui
1417 3812 1509 3864 debeat
1536 3827 1551 3862 a
1569 3808 1679 3862 comuni

518 3925 568 3963 nec
585 3909 618 3962 ab
635 3906 790 3961 bominibus
808 3906 842 3958 de
859 3903 972 3974 bugella

544 4083 575 4134 (ι)
589 4080 690 4124 Numerus
703 4078 728 4122 C.
743 4080 852 4132 inscriptus
865 4087 897 4119 est
910 4075 957 4118 loco
971 4075 1045 4131 prioris
1059 4073 1132 4116 abrasi.

545 4153 575 4204 (a)
591 4153 622 4205 (a)
634 4151 764 4204 Adiectioaea
777 4160 909 4203 posterrores.

543 4223 573 4273 (3)
589 4220 649 4262 unm.
664 4219 700 4260 LX
713 4219 761 4260 loco
774 4219 815 4259 XX
828 4220 863 4272 qni
877 4227 936 4258 antea
949 4225 1033 4256 messer.
1047 4215 1156 4266 inscriptus
1170 4213 1259 4252 videtur.

546 4293 574 4346 (4)
588 4289 710 4331 Posterioris
724 4290 768 4331 aeri
782 4287 893 4342 capitulum
906 4297 926 4328 et
939 4287 1023 4328 niniam
1037 4284 1095 4325 litera
1108 4281 1182 4324 initiali
1196 4294 1274 4323 urana.
