3978 5546
1425 513 1459 574 47

329 639 388 694 249.
406 625 475 680 Item
493 635 621 680 statutum
639 626 767 697 estquod
785 625 873 698 aliqua
892 641 1003 697 pesona
1021 626 1054 680 de
1072 624 1179 698 bugella
1199 623 1339 680 aiuestans
1351 636 1377 678 et
1388 622 1462 680 habi·

291 723 352 770 tans
369 713 469 770 ibidem
487 713 677 786 cuiuscumque
695 714 860 769 condicionis
877 727 923 769 aut
940 725 1023 769 staats
1041 714 1135 768 exista
1147 729 1203 769 non
1221 714 1315 768 debeat
1332 729 1382 768 nec
1394 728 1462 784 pree·

291 815 379 860 sumat
396 801 481 858 facere
498 801 606 874 aliquod
624 816 818 858 sacramentum
836 819 886 857 nec
904 801 1150 857 confederacionem
1169 819 1230 856 cum
1240 801 1328 875 aliqua
1346 817 1459 874 persona

291 892 335 946 uel
353 891 472 963 personis
489 890 599 945 comuni
618 891 732 963 collegio
751 905 777 946 et
796 891 978 946 uniuerssitate
996 891 1047 945 nisi
1066 891 1132 945 illud
1150 903 1344 946 sanamentum
1358 903 1384 945 et
1398 906 1460 946 con·

292 979 482 1034 federationem
500 979 572 1049 quod
590 990 617 1032 et
635 996 687 1051 que
704 979 800 1034 facient
818 995 913 1033 omnes
931 979 1055 1033 homines
1074 978 1180 1050 bugelle
1198 979 1339 1034 unanimes
1357 991 1383 1034 et
1395 995 1458 1034 con·

290 1069 382 1122 cordes
400 1079 427 1122 et
445 1077 531 1122 totum
551 1082 666 1120 comme
684 1067 803 1120 eiusdem
821 1067 874 1122 loci
892 1066 1061 1137 integraliter.
1080 1065 1170 1120 fitilla
1182 1082 1357 1138 personaque
1368 1080 1460 1122 mnne

290 1155 380 1210 fecerit
397 1165 528 1208 ernamur
545 1154 579 1208 de
597 1153 723 1208 conscilio
741 1154 775 1208 de
793 1154 928 1208 credencia
946 1165 973 1208 et
991 1154 1183 1208 uicinancia.et
1196 1154 1302 1224 siquod
1311 1154 1458 1226 dampnum

289 1244 315 1297 ei
334 1241 408 1298 lieret
425 1257 481 1296 non
500 1242 651 1296 restituanu
668 1242 693 1296 ei
711 1260 757 1313 per
774 1259 890 1298 comune
908 1241 1014 1314 bugelle
1031 1253 1058 1296 et
1076 1243 1110 1296 sit
1120 1241 1253 1296 exclussus
1271 1243 1304 1296 ab
1322 1243 1398 1298 omni
1411 1243 1459 1298 ho·

289 1347 356 1386 nore
373 1341 400 1386 et
418 1329 531 1385 utilitate
548 1330 671 1384 comunis
690 1329 803 1402 bugelle.
830 1331 864 1385 Et
882 1331 950 1384 ultm
979 1329 1032 1384 hoc
1050 1329 1137 1384 soluat
1165 1346 1213 1400 pro
1231 1347 1300 1402 pena
1317 1343 1344 1384 et
1367 1332 1457 1386 banno

290 1435 338 1490 pro
355 1417 472 1490 qualibet
489 1418 627 1474 edomada
646 1419 677 1472 ln
695 1434 747 1490 qua
774 1419 979 1489 perseuerauetit
996 1419 1028 1472 ln
1047 1417 1125 1472 dictis
1144 1429 1308 1473 summento
1327 1432 1354 1474 et
1370 1419 1458 1474 confe-

288 1505 431 1560 deratione.
450 1504 499 1560 sol.
518 1505 549 1560 C.
568 1507 612 1576 (r)
630 1523 672 1577 pp.
691 1521 829 1577 quousque
847 1505 1018 1576 adnegauerit
1036 1507 1065 1560 in
1079 1506 1223 1560 medentia
1237 1505 1350 1578 bugelle
1362 1508 1396 1562 ad
1408 1524 1455 1562 uo·

289 1593 418 1648 luntatem
436 1593 517 1664 ipsius
535 1594 671 1648 credencie
688 1592 930 1647 confederationem
943 1606 970 1647 et
983 1605 1179 1648 sacramentum
1197 1593 1293 1648 factam
1311 1607 1337 1649 et
1349 1595 1456 1650 factum.

288 1681 361 1735 Etsi
380 1697 433 1752 qua
450 1691 568 1752 personat
580 1681 663 1736 ullam
680 1681 783 1735 fecisset
810 1680 1052 1735 confederationem
1080 1681 1123 1735 uel
1151 1695 1345 1736 sacramentum
1364 1683 1457 1738 debeat

288 1769 455 1824 manifestare
472 1767 550 1824 Infra.
569 1768 628 1824 XV.
647 1769 702 1823 dies
720 1767 873 1823 consulibus
891 1769 1015 1823 comunis
1033 1770 1142 1842 bugelle
1160 1769 1278 1842 alioquin
1293 1771 1456 1827 subiaceant

289 1858 363 1928 penis
380 1856 549 1928 suprascritis.
568 1857 602 1910 Et
619 1857 741 1911 consules
760 1869 898 1911 teneantur
910 1857 1046 1929 lnquirere
1059 1856 1276 1912 contrafacientes
1287 1857 1344 1912 siue
1356 1857 1454 1913 facturn

289 1945 367 2000 fuerit
385 1958 505 2016 tempore
522 1961 616 1999 eorum
635 1945 786 1999 consulatus
806 1943 848 1999 uel
868 1961 924 2000 nnn
943 1955 970 1998 et
988 1946 1021 2000 ab
1039 1946 1077 1998 eis
1096 1957 1122 1999 et
1140 1963 1155 1999 a
1168 1945 1286 2017 quolibet
1297 1962 1391 2000 eorum
1403 1947 1455 2002 exi·

287 2049 352 2104 gete
369 2049 450 2104 penas
467 2045 494 2086 et
512 2033 599 2086 banna
617 2044 643 2086 et
661 2033 864 2087 denuntiatores
882 2044 972 2086 tenere
989 2033 1118 2104 priuatos.
1137 2033 1171 2087 Et
1183 2033 1305 2087 consules
1316 2045 1455 2090 teneantur

286 2137 334 2192 per
351 2137 445 2174 eorum
463 2133 657 2176 sacramentum
676 2121 748 2192 quod
766 2137 822 2175 non
841 2122 942 2192 possint
960 2120 1024 2192 poni
1043 2137 1092 2174 nec
1104 2121 1306 2175 concinnatim
1318 2121 1454 2177 medenda

288 2225 337 2264 nec
354 2208 382 2263 in
401 2207 529 2263 conscilio
543 2222 662 2280 tempore
674 2225 768 2262 eorum
780 2209 931 2264 consulante
944 2209 1015 2281 quod
1029 2210 1129 2263 dictum
1142 2221 1270 2264 statutum
1279 2222 1393 2264 cassetur
1404 2227 1454 2266 nec

287 2297 359 2367 quod
376 2295 475 2369 aliquid
495 2296 540 2352 fiat
558 2309 649 2352 contra
667 2297 767 2351 dictum
786 2309 913 2352 statutum
931 2309 958 2352 et
975 2297 1021 2370 qul
1040 2297 1238 2352 concionauerit
1251 2309 1341 2353 contra
1353 2299 1452 2371 aliquid

285 2385 372 2440 soluat
384 2385 502 2440 bannum
512 2402 561 2457 pro
569 2385 686 2458 qualibet
698 2385 756 2439 uice
767 2385 815 2439 sol.
827 2386 876 2439 XX
886 2399 912 2440 et
930 2387 975 2457 qui
994 2385 1111 2457 aliquam
1130 2385 1219 2440 fecerit
1237 2387 1450 2458 responssionem

286 2473 372 2528 soluat
383 2473 471 2528 simile
483 2475 601 2528 bannum
614 2485 640 2527 et
652 2473 801 2544 responssio
814 2485 905 2528 contra
917 2474 969 2528 hoc
982 2471 1048 2528 facta
1062 2473 1096 2528 sit
1108 2490 1179 2529 cassa
1191 2487 1217 2528 et
1229 2473 1328 2528 nullius
1346 2473 1451 2529 ualoris

321 2631 466 2702 a5o.1tem
484 2643 611 2686 setutum
630 2633 758 2702 estquod
776 2632 798 2686 si
817 2630 895 2686 fuerit
912 2631 1000 2704 aliqua
1019 2632 1150 2687 matralia
1163 2633 1221 2687 siue
1238 2633 1382 2704 peraticum
1394 2633 1452 2688 siue

285 2719 372 2790 aliqua
390 2719 509 2791 specialis
528 2737 646 2792 persona
666 2719 726 2772 siue
743 2719 777 2774 sit
795 2720 828 2773 de
847 2720 979 2774 mestralia
998 2720 1055 2774 siue
1073 2736 1128 2774 non
1148 2721 1191 2774 uel
1211 2721 1245 2776 de
1262 2722 1377 2792 paratino
1394 2723 1452 2776 siue

285 2823 340 2862 non
358 2825 411 2880 que
429 2807 526 2863 fuerint
544 2807 653 2862 rebelles
672 2821 698 2862 et
716 2807 899 2862 inobedientes
926 2809 1044 2862 comuni.
1073 2808 1226 2863 consulibus
1244 2809 1287 2864 uel
1315 2810 1451 2864 credencie

285 2895 390 2966 bugelle
408 2907 539 2950 extraatur
556 2897 590 2950 de
608 2896 735 2950 conscilio
754 2907 780 2950 et
799 2895 934 2950 credentia
953 2909 979 2950 et
998 2895 1106 2950 ulterius
1125 2914 1180 2950 non
1206 2898 1347 2952 admittatur
1365 2899 1450 2954 donec

285 2983 393 3038 rebelles
410 2995 437 3038 et
455 2983 639 3038 inobedientes
657 2983 754 3038 fuerint
772 2997 798 3038 et
817 2983 869 3037 hoc
887 2983 909 3036 si
928 3001 973 3054 per
991 2983 1049 3038 XV.
1069 2985 1125 3038 dies
1143 2986 1367 3056 perseuerauerint
1385 2986 1448 3040 ino-

285 3071 427 3124 bedientes
446 3071 485 3126 Ita
503 3083 592 3125 tamen
610 3073 682 3142 quod
701 3071 796 3144 aliquis
815 3073 848 3124 de
867 3070 971 3141 bugella
990 3087 1047 3125 non
1066 3072 1147 3141 possit
1165 3089 1214 3126 nec
1232 3073 1326 3126 debeat
1350 3073 1449 3145 aliquid

285 3159 317 3212 ab
336 3159 398 3230 ipsis
416 3175 505 3212 emere
522 3158 565 3212 uel
583 3160 699 3212 uendere
717 3176 765 3213 nec
784 3159 891 3230 aliquod
910 3171 1056 3212 mercatum
1076 3157 1159 3212 facere
1177 3175 1238 3214 cum
1257 3159 1319 3230 ipsis
1346 3161 1380 3214 de
1397 3161 1449 3214 hiis

286 3262 337 3317 que
356 3246 502 3317 pertineant
520 3247 552 3299 ad
571 3245 637 3300 illud
655 3246 774 3300 officium
793 3247 850 3299 siue
869 3246 1029 3300 mestraliam
1042 3248 1075 3301 de
1093 3263 1147 3318 quo
1165 3245 1209 3300 uel
1232 3247 1329 3317 dequn
1340 3247 1449 3301 rebelles

284 3333 379 3388 fuerint
397 3347 423 3388 et
441 3333 624 3388 inobedientes
642 3333 713 3387 dicto
731 3334 841 3388 comuni
860 3347 885 3388 et
904 3335 949 3406 qui
968 3333 1150 3392 contrafecerit
1167 3333 1253 3388 soluat
1266 3351 1313 3406 pro
1326 3335 1445 3406 quolibet

282 3435 308 3476 et
326 3421 442 3494 qualibet
460 3421 518 3476 uice
536 3421 584 3475 sol.
604 3419 668 3476 XX.
688 3433 714 3476 et
732 3422 854 3476 consules
872 3435 1011 3476 teneantur
1029 3441 1061 3476 er
1088 3433 1253 3476 sacramento
1281 3438 1379 3493 ponere
1396 3439 1446 3476 cu·

280 3511 368 3564 stodes
386 3509 504 3582 publicos
522 3523 548 3564 et
567 3512 684 3582 priuatos
702 3523 728 3566 et
747 3522 868 3566 excutere
887 3511 1001 3584 predicta
1020 3512 1114 3564 banna

316 3665 375 3720 25¹·
394 3650 461 3705 Item
479 3663 606 3706 statutum
638 3663 677 3704 est
704 3651 775 3722 quod
801 3651 888 3722 aliqua
916 3667 1027 3721 persona
1054 3651 1087 3704 de
1114 3649 1220 3721 bugella
1238 3650 1295 3704 siue
1312 3663 1383 3705 stans
1402 3651 1444 3705 uel

279 3738 400 3794 habitens
418 3739 447 3792 in
466 3739 571 3810 bugella
589 3756 644 3793 non
664 3751 745 3810 ponat
764 3755 813 3793 nec
832 3739 895 3810 poni
915 3737 991 3792 saciat
1009 3738 1036 3791 in
1057 3755 1145 3808 panno
1164 3739 1207 3808 (2)
1226 3737 1381 3792 dealbatio
1400 3741 1442 3808 (2)

279 3825 332 3898 pila
351 3827 426 3881 bouis
443 3843 506 3880 vace
524 3825 567 3880 uel
585 3843 660 3898 eapte
678 3829 745 3882 tinta
763 3827 806 3880 uel
824 3827 940 3881 colorata
967 3825 1023 3880 siue
1048 3842 1102 3879 non
1131 3825 1196 3879 tinta
1215 3826 1320 3880 alterius
1350 3826 1446 3881 colotis

279 3931 359 3984 quam
378 3913 418 3968 sit.
437 3913 481 3968 uel
493 3913 580 3984 aliqua
593 3913 644 3968 alia
657 3916 708 3985 pila
720 3914 851 3984 prohibita
864 3915 907 3984 (3)
921 3930 969 3967 nec
983 3912 1099 3984 aliquam
1115 3911 1203 3967 lanam
1215 3914 1324 3968 tinctam
1336 3925 1444 3968 tractam

279 4001 312 4056 de
329 4017 379 4056 suo
396 4001 485 4057 colore
503 4001 615 4056 naturali
634 4003 676 4073 (3)
694 4015 720 4056 et
739 4002 785 4073 qui
804 4001 989 4056 coomafecerit
1008 4001 1094 4056 soluat
1105 4001 1317 4072 proquolibetet
1328 4001 1445 4073 quelibet

305 4176 333 4228 (t)
348 4173 409 4216 Num.
424 4173 449 4218 C.
463 4173 511 4216 loeo
524 4173 578 4216 alius
591 4173 656 4216 ebraei
671 4173 756 4230 scriptae
770 4183 810 4216 est.

306 4245 333 4298 (ι)
350 4247 376 4298 (ι)
393 4243 457 4286 verb·
471 4247 573 4300 posteriue
588 4245 663 4285 eddim.

305 4315 333 4368 nt
349 4315 377 4370 lt)
392 4315 457 4358 vce·
470 4317 573 4372 ρωιαιιι
587 4316 678 4370 aarum
694 4327 754 4371 ιιμι
767 4315 817 4358 tm
832 4315 920 4371 tegitur
935 4321 996 4358 m.
