3958 5540
1395 535 1445 590 ¹¹9

279 651 309 718 6.
333 646 567 718 Sacramentale
591 646 836 734 campanorum.

315 755 357 809 Ad
375 755 523 808 custodiam
541 769 589 805 sue
606 751 737 822 camparie
755 751 869 814 stabunt,
887 750 942 802 vias
961 748 1099 820 campanie
1116 747 1244 813 altabunt,
1270 760 1297 802 et
1314 747 1383 802 secia
1401 747 1442 800 sa-

278 843 351 896 cient
368 853 502 896 consueta.

315 932 422 994 Aream,
442 929 483 982 uel
504 929 598 983 bestias
617 939 703 1000 preter
720 927 834 998 porchos
853 925 894 979 uel
914 926 1025 996 gallinas
1044 943 1100 979 non
1118 927 1254 979 tenebunt.

315 1019 413 1072 Vincas
430 1033 446 1070 a
464 1029 555 1070 sonmo
574 1016 683 1070 eusebio
702 1015 836 1086 usquead
854 1013 1002 1066 vindemias
1020 1013 1143 1084 camparij
1164 1029 1319 1084 camporum
1333 1029 1387 1066 non
1407 1011 1446 1064 in·

283 1106 398 1159 trabunt
912 1119 917 1128 ·

315 1189 420 1247 Couam
439 1192 483 1246 uel
501 1193 661 1262 campariam
679 1191 708 1245 in
726 1191 826 1261 campis
844 1206 899 1243 non
919 1189 1047 1260 accipient
1065 1189 1110 1243 sed
1129 1191 1161 1242 ad
1180 1191 1284 1242 domos.

315 1281 357 1334 Ab
376 1281 448 1334 exitu
477 1281 539 1351 maij
570 1297 652 1350 usque
679 1280 713 1332 ad
731 1290 852 1332 sanctum
881 1277 1026 1332 Martinam
1047 1293 1115 1330 unus
1133 1294 1227 1331 eontm
1245 1278 1279 1332 ad
1297 1277 1443 1330 custodiam

280 1369 407 1422 continue
425 1369 600 1438 perseuerabit
617 1369 646 1421 in
665 1367 773 1437 campis.

314 1457 339 1508 Α
357 1453 460 1510 fossatis
478 1455 587 1509 inferius
606 1471 662 1510 non
681 1456 789 1508 mittent
807 1453 902 1508 bestias
920 1454 953 1507 ad
972 1454 1143 1524 pascandum.

315 1543 467 1598 Fiochonos
484 1544 552 1596 iusta
570 1543 768 1596 ordinationem
786 1541 909 1596 comunis
927 1543 1063 1596 tenebunt

315 1629 447 1701 Camparij
467 1631 614 1695 vinearum,
632 1631 666 1684 Et
684 1630 768 1684 eciam
787 1631 934 1700 camparius
953 1629 1068 1683 nouelle.

278 1719 376 1842 aliNon
395 1719 524 1789 accipient
542 1720 575 1772 ad
594 1719 777 1784 laborandum,
796 1720 951 1782 terrendum,
970 1717 1013 1771 uel
1032 1718 1178 1788 sapaudum
1198 1729 1278 1772 terras
1306 1718 1349 1773 uel
1367 1719 1444 1773 blada

314 1805 372 1842 ena.

315 1877 438 1948 Dampna
456 1879 516 1932 data
535 1879 562 1932 in
581 1880 635 1932 suis
652 1880 791 1950 camparijs
809 1880 954 1934 restituens

315 1963 470 2036 Dampnum
489 1967 570 2036 passis
587 1967 639 2020 nisi
660 1967 720 2020 illos
738 1968 783 2038 qui
802 1969 950 2038 dampnum
971 1969 1104 2022 dedissent
1116 1979 1280 2024 accumssent
1292 1968 1444 2022 consulibus

282 2051 349 2106 inira
367 2055 513 2109 terminum
531 2056 692 2110 ordinatum.

316 2141 450 2196 Tabernas
468 2160 545 2198 causa
564 2145 671 2198 bibendi
691 2145 734 2198 uel
752 2147 911 2201 comedendi
929 2163 986 2201 non
1005 2147 1148 2202 intrabunt.

280 2285 311 2350 7.
335 2265 566 2334 Sacramentale
591 2267 839 2337 forestariorum.

314 2375 357 2429 Ad
375 2376 523 2429 custodiam
541 2393 683 2430 nemorum
702 2377 778 2430 omni
796 2377 840 2430 die
853 2379 1064 2446 perseuerabunt,
1077 2377 1145 2431 iusta
1157 2383 1273 2432 lomtam
1285 2391 1443 2434 statutorum

280 2463 342 2517 dicti
360 2463 490 2518 comunis.

315 2551 416 2606 Diebus
434 2553 503 2606 iouis
522 2553 564 2606 uel
583 2553 726 2608 dominicis
744 2553 860 2625 placium
880 2571 935 2608 non
955 2555 1099 2610 intrabunt.

316 2641 414 2693 Aream
433 2641 474 2693 uel
495 2641 589 2694 bestias
607 2655 691 2712 preter
709 2642 822 2712 porchos
840 2653 867 2695 et
890 2641 1002 2714 gallinas
1020 2659 1077 2697 non
1096 2643 1232 2698 tenebunt.

316 2727 440 2798 Dampna
458 2729 603 2794 restituent,
631 2729 682 2783 nisi
709 2730 903 2784 accussauerint
930 2731 963 2784 de
993 2731 1056 2801 ipsis
1073 2731 1195 2802 dampnis
1213 2730 1281 2784 inira
1299 2731 1443 2786 terminum

280 2815 448 2879 ordinatum„

315 2903 451 2960 Tabernas
468 2921 546 2960 causa
564 2905 671 2960 bibendi
689 2906 732 2961 uel
752 2907 910 2962 comedendi
929 2923 984 2962 non
1004 2908 1140 2962 intrabunt
1158 2909 1186 2962 in
1205 2907 1318 2980 bugella

281 3027 311 3094 8.
335 3026 569 3096 Sacramentale
591 3029 795 3096 seruitorum.

316 3133 449 3204 Precepta,
467 3135 613 3200 citationes,
632 3136 724 3200 cridas,
742 3147 769 3189 et
786 3135 837 3190 alia
856 3137 894 3188 eis
912 3135 1030 3190 iniuncta
1049 3135 1160 3190 fideliter
1172 3139 1338 3202 exercebunt,
1348 3137 1444 3192 sacient

281 3233 307 3275 et
325 3221 447 3276 refferent
464 3239 526 3276 cum
545 3222 624 3277 luerit
642 3235 814 3294 oportunum.
908 3269 915 3280 ‚

316 3309 456 3364 Debitores
473 3313 596 3364 comunis
608 3327 655 3383 pro
674 3311 768 3364 bannis
780 3323 807 3365 et
819 3311 878 3381 alijs
889 3312 923 3365 ad
935 3313 1091 3366 mandatum
1104 3313 1245 3368 consulum
1258 3315 1444 3386 pignorabunt,

280 3409 307 3450 et
324 3398 436 3468 pignora
452 3398 605 3453 consulibus
622 3399 825 3468 consignabunt

317 3483 402 3538 Omni
420 3485 463 3538 die
482 3486 510 3538 ln
528 3485 679 3556 plathm,se
697 3485 849 3539 consulibus
868 3487 1099 3556 presentabunt,et
1116 3488 1229 3542 cumeis
1242 3491 1444 3558 perseuerabunt

282 3587 329 3642 pro
347 3571 449 3625 iusticia
466 3573 611 3626 exercenda
628 3585 655 3626 et
673 3572 731 3626 aliis
749 3575 872 3627 comunis
890 3577 1010 3644 negocijs
1027 3575 1195 3644 explicandis.

317 3657 496 3724 Credentiam,
514 3671 540 3712 et
558 3659 724 3726 conscilium,
742 3677 772 3714 ac
791 3661 875 3714 eciam
887 3663 1017 3732 sapientes
1029 3679 1091 3716 cum
1103 3679 1171 3732 opus
1183 3663 1261 3718 luerit
1273 3666 1306 3719 de
1319 3667 1445 3720 mandato

281 3745 422 3800 consulum
440 3747 634 3802 conuocabunt

282 3889 312 3954 9.
336 3868 579 3936 Sacramentum
601 3868 749 3958 generale
772 3870 813 3938 ad
835 3892 950 3937 omnes
973 3869 1134 3940 officiales.

316 3973 479 4028 obedientes
497 3988 575 4029 erum
592 3975 745 4030 consulibus
762 3988 789 4029 et
807 3976 926 4030 officium
944 3993 1024 4030 suum
1042 3976 1154 4031 fideliter
1165 3979 1331 4044 exercebunt,
1341 3995 1444 4036 remoto

281 4077 372 4116 amore
389 4063 453 4116 odio
472 4074 499 4117 et
517 4063 621 4117 timore.

314 4151 417 4204 Statuta
435 4149 501 4204 iacta
520 4163 546 4204 et
564 4151 651 4205 fienda
669 4152 819 4217 seruabant,
837 4164 863 4206 et
882 4153 967 4206 banna
986 4170 1039 4224 que
1057 4153 1181 4223 fregerint
1199 4157 1369 4210 acordabunt.

317 4237 427 4292 Tributa
445 4255 500 4292 nou
521 4250 611 4309 petent
628 4255 677 4292 nec
695 4237 766 4293 aliud
786 4239 852 4292 ultra
871 4241 943 4310 quod
962 4241 1011 4294 sibi
1024 4242 1133 4295 debetur
1146 4243 1211 4296 iusta
1225 4244 1306 4314 ipsius
1323 4247 1445 4299 comunis

280 4325 486 4381 consuetudines
504 4339 531 4380 et
547 4339 652 4380 statuta
