3926 5542
1410 549 1459 616 189

290 673 343 758 48.
367 671 417 738 De
440 691 522 759 pena
544 667 716 736 auferentis
739 668 878 761 aliquem
902 669 1141 738 malefactorem
1169 670 1209 737 de
1232 667 1380 737 manibus
1403 691 1458 736 re-

334 778 473 865 giminiS.

325 883 393 938 Item
411 895 539 938 statutum
558 895 596 936 est
614 883 686 953 quod
704 883 726 936 si
745 882 804 955 quis
832 883 967 936 abstulerit
995 881 1111 955 aliquem
1136 883 1276 938 bannitum
1295 881 1458 936 homicidam

291 968 376 1024 furem
395 970 534 1025 fractorem
552 983 692 1024 stratarum
711 969 754 1024 uel
772 971 855 1024 alium
875 971 1072 1025 malefactorem
1085 972 1118 1025 de
1131 971 1254 1024 manibus
1266 971 1401 1040 potestatis
1414 969 1459 1024 uel

291 1057 390 1112 familie
408 1059 489 1131 ipsius
508 1059 550 1112 uel
569 1058 675 1112 Clauari
694 1057 737 1112 uel
756 1059 897 1112 consulum
916 1059 958 1112 uel
978 1058 1085 1112 alterius
1114 1059 1287 1112 conducentis
1314 1060 1347 1111 de
1365 1075 1458 1112 eorum

291 1149 417 1201 mandato
436 1147 479 1201 uel
498 1164 513 1200 a
530 1147 675 1200 carceribus
695 1146 827 1201 Comunis
840 1165 887 1218 pro
902 1147 1018 1200 nolendo
1031 1148 1118 1218 ipsum
1132 1147 1273 1200 redducere
1284 1146 1313 1198 in
1327 1147 1458 1216 propriam

291 1237 438 1290 libertatem
457 1247 483 1289 et
500 1235 588 1305 ipsum
607 1245 709 1288 tansare
727 1247 819 1290 contre
837 1235 1003 1290 uoluntatem
1017 1235 1204 1307 predictorum,
1216 1235 1340 1306 puniatur
1352 1251 1459 1305 eapena

291 1341 344 1396 qua
361 1323 449 1395 puniri
466 1323 572 1376 deberet
591 1323 675 1376 dictus
694 1322 856 1378 malefactor.
1238 1330 1246 1345 '

291 1487 345 1552 49.
369 1465 419 1532 De
441 1484 523 1550 pena
546 1463 708 1530 minorum
731 1464 972 1552 quatuordecim
996 1465 1088 1532 annis
1112 1463 1380 1557 delinquencium.

327 1573 394 1628 Item
413 1586 540 1628 statutum
559 1575 687 1646 estquod
705 1575 727 1626 si
746 1575 805 1646 quis
824 1573 913 1628 minor
931 1571 1130 1642 quatuordecim
1149 1572 1226 1624 annis
1255 1571 1388 1624 comiserit
1407 1571 1458 1624 ali-

292 1663 365 1732 quod
383 1661 510 1716 delictum
528 1679 574 1716 seu
593 1663 781 1732 perpetrauerit
808 1675 914 1733 propter
941 1661 1013 1732 qnod
1042 1645 1129 1730 puniri
1157 1661 1263 1712 deberet
1281 1677 1327 1730 per
1346 1657 1459 1712 formam

293 1749 458 1819 presencium
476 1761 642 1804 statutorum.
662 1750 745 1813 Quod
763 1751 888 1820 puniatur
899 1749 1007 1803 arbitrio
1019 1749 1190 1802 dominorum
1204 1748 1338 1818 potestatis
1352 1747 1457 1800 Clanari

293 1849 319 1890 et
338 1837 488 1890 Consulum
506 1854 536 1892 ac
555 1839 704 1908 sapientum
724 1839 841 1908 Bugelle‚
860 1838 1020 1908 mittigando
1039 1837 1088 1890 sibi
1108 1853 1203 1906 penam
1223 1847 1300 1906 prout
1321 1836 1360 1888 eis
1379 1835 1457 1888 uidc-

293 1923 363 1978 bitur
381 1925 496 1994 inspecta
514 1925 639 1996 qualitate
657 1925 745 1978 delicti
764 1939 790 1980 et
809 1925 963 1978 conditione
982 1941 1164 1996 personarunt,
1175 1941 1228 1976 non
1239 1925 1360 1977 obstante
1369 1923 1460 1994 aliquo

293 2023 390 2064 statuto
410 2011 436 2063 in
456 2012 617 2065 contrarium
637 2013 801 2082 disponente,
821 2024 847 2065 et
867 2029 963 2082 penam
982 2028 1060 2082 super
1078 2011 1215 2080 ntaleticijs
1234 2011 1398 2082 imponente.
1409 2011 1459 2064 Cui

293 2098 456 2168 intelligatur
473 2099 501 2152 in
520 2099 569 2154 hac
587 2113 659 2170 parte
678 2117 734 2153 esse
753 2118 785 2154 er
803 2113 873 2154 certa
891 2099 1000 2154 scientia
1019 2101 1189 2170 derrogatum
1217 2099 1333 2170 Excepto
1362 2111 1461 2152 statuto

294 2187 327 2240 de
344 2187 492 2242 homicidio
511 2187 636 2259 loquente
655 2189 726 2260 quod
746 2202 880 2242 remaneat
900 2189 926 2242 in
946 2205 995 2242 suo
1015 2190 1109 2242 robore
1128 2187 1258 2242 firmitate.

298 2348 348 2416 50.
372 2329 422 2396 De
445 2351 527 2416 pena
550 2333 739 2417 receptantis
763 2328 924 2396 bannitos.

330 2436 397 2488 Item
416 2449 544 2489 statutnnr
562 2449 600 2488 est
618 2438 689 2507 quod
709 2437 730 2490 si
749 2453 801 2508 qua
821 2453 930 2506 persona
949 2437 1061 2489 scienter
1079 2435 1250 2506 receptauerit
1268 2453 1313 2488 seu
1326 2437 1460 2506 arbegauit

295 2524 338 2592 (t)
356 2523 472 2594 aliquem
492 2524 631 2578 bannitum
650 2525 782 2578 Comunis
800 2524 913 2594 bugelle
931 2525 959 2576 in
979 2525 1047 2578 dicta
1067 2537 1133 2578 terra
1152 2535 1178 2578 et
1197 2525 1320 2578 bannitus
1344 2536 1411 2578 esset
1430 2525 1462 2578 de

295 2612 437 2666 homicidis
456 2611 525 2666 lutto
544 2611 587 2666 uel
607 2613 708 2666 robaria
728 2613 770 2666 uel
789 2612 843 2666 alio
861 2611 958 2666 delicto
977 2631 1009 2665 ex
1028 2629 1082 2683 quo
1101 2629 1168 2683 pena
1187 2613 1296 2683 sanguis
1320 2613 1463 2682 ingeratur,

295 2701 442 2754 secundum
460 2699 574 2754 formam
593 2700 758 2770 presencium
777 2713 935 2753 statutorum
953 2702 1076 2754 comunis
1096 2700 1212 2770 Bugelle.
1242 2699 1462 2770 Condampnetur

296 2787 323 2840 in
343 2787 415 2840 libris
434 2787 550 2842 Centum
569 2803 617 2857 pro
634 2788 754 2858 quolibet
772 2799 798 2842 et
816 2788 933 2859 qualibet
951 2789 1010 2842 uice
1028 2789 1189 2858 applicandis
1207 2789 1316 2842 comuni
1345 2789 1462 2858 Euge-lle.

296 2875 324 2928 Si
344 2891 407 2928 uero
426 2875 599 2945 albergauerit
618 2875 660 2928 uel
681 2876 850 2945 reeepmuerit
869 2890 940 2928 entra
959 2889 1055 2928 terrain
1076 2877 1185 2944 bugelle
1203 2877 1231 2928 in
1250 2877 1307 2930 eius
1325 2878 1463 2930 terretorio

296 2964 513 3032 condantpnetur.
534 2963 563 3016 ln
583 2963 655 3016 libris
673 2963 874 3034 quinquaginta,
902 2963 1066 3032 papiensium
1095 2963 1256 3032 applicandis
1284 2977 1414 3033 utsupra.
1435 2966 1462 3016 Si

297 3067 361 3103 uero
381 3051 504 3104 bannitus
522 3063 589 3104 esset
607 3051 640 3104 de
660 3051 757 3104 tninori
770 3051 901 3104 tnaleticio
914 3062 939 3104 et
953 3051 1038 3120 ipsunt
1053 3051 1223 3120 receptaruerit
1238 3051 1279 3104 uel
1291 3053 1463 3116 albergam-rit

297 3137 325 3190 in
345 3138 453 3207 Bugella
472 3137 515 3191 uel
534 3151 615 3202 entra,
634 3139 854 3208 Condantpnetut
871 3139 900 3191 ln
921 3137 992 3190 libris
1005 3140 1105 3200 decent,
1119 3139 1292 3207 papiensium,
1305 3141 1464 3208 applicandis

298 3238 325 3278 ut
344 3242 421 3295 supra
440 3243 454 3278 a
473 3243 523 3295 qua
544 3243 610 3295 pena
630 3227 754 3278 liberetur
772 3227 826 3294 ipse
846 3226 1111 3294 receptor,soluendu
1132 3229 1304 3278 bnrnnnrseu
1318 3229 1462 3296 eirrrdanrp-

299 3313 434 3366 nationem
453 3313 515 3366 dicti
536 3315 634 3366 banniti
656 3331 702 3384 pro
722 3315 819 3366 minori
839 3313 970 3365 maleficio
989 3315 1009 3366 si
1030 3315 1084 3382 ipse
1104 3327 1221 3383 receptor
1240 3315 1325 3380 ntagis
1343 3315 1393 3366 ltoc
1412 3316 1465 3366 ele-

297 3402 372 3468 gerit.
393 3403 425 3456 Et
443 3403 557 3472 predicte
576 3419 643 3472 pene
662 3419 716 3455 non
737 3403 878 3454 uendicent
896 3403 944 3454 sibi
965 3400 1053 3454 locum
1083 3401 1110 3456 in
1138 3403 1240 3468 agnatis
1273 3402 1315 3454 uel
1345 3405 1464 3468 cognatis

299 3489 398 3542 banniti
418 3490 552 3560 usquead
571 3489 682 3544 tercium
701 3491 821 3558 gradum.
841 3489 896 3553 Qui
917 3489 1022 3542 mictius
1041 3489 1183 3560 puniantur
1209 3489 1316 3542 arbitrio
1335 3490 1463 3542 dominu·

299 3593 358 3632 mm
378 3578 512 3648 potestatis
533 3579 630 3632 clauari
649 3591 675 3631 et
693 3578 843 3630 consulum.

300 3737 352 3803 51.
376 3716 478 3798 Quod
499 3716 621 3784 banniti
644 3717 684 3785 de
708 3715 860 3784 malefitio
884 3719 1009 3806 possint
1031 3719 1164 3806 impune
1199 3717 1319 3786 ollendi
1344 3717 1465 3785 tamin

342 3824 436 3892 rebus
460 3847 555 3913 quam
578 3825 612 3890 in
635 3845 781 3912 persona.

336 3929 403 3984 ltem
421 3943 548 3982 statutum
567 3942 606 3983 est
635 3931 707 4001 quod
734 3947 817 3982 omne
844 3929 991 4000 dampnum
1020 3929 1116 3982 iniuria
1143 3929 1303 3983 maleficium
1331 3931 1422 3983 datum
1441 3941 1467 3982 et

299 4017 398 4072 sactum
417 4019 444 4072 in
463 4035 575 4090 persona
593 4018 636 4072 uel
656 4019 733 4072 rebus
752 4017 852 4070 banniti
872 4019 905 4071 de
924 4017 1056 4070 maleficio
1074 4035 1106 4071 er
1125 4035 1180 4088 quo
1198 4035 1265 4088 pena
1279 4019 1407 4086 sangunis
1426 4018 1468 4072 in·

300 4119 406 4178 geratur
424 4119 550 4178 perpetuo
569 4119 703 4160 remaneat
721 4106 884 4176 impunitum
902 4119 928 4159 et
948 4105 1086 4177 impunita.
1105 4107 1138 4160 Er
1159 4123 1293 4176 processus
1311 4107 1356 4176 qui
1376 4105 1468 4160 fierent

301 4211 347 4266 per
365 4210 562 4265 quemcumque
580 4193 721 4248 officialem
741 4193 783 4248 uel
803 4207 931 4248 rectorem
955 4211 1032 4264 super
1044 4195 1176 4263 premissis
1188 4195 1221 4248 sit
1233 4195 1290 4266 ipso
1302 4195 1359 4248 iure
1371 4193 1468 4258 nullus,

329 4367 361 4422 lt)
375 4367 398 4408 in
412 4369 505 4422 exemplo
519 4368 639 4410 ebertuao:
654 4369 784 4422 armaverit.
