3978 5546
516 477 558 533 26.

553 616 611 670 135.
629 601 697 653 Item
715 611 842 654 statutum
860 601 989 671 estquod
1007 599 1053 654 iIle
1070 600 1146 654 cuius
1163 599 1242 654 fuerit
1258 615 1367 671 campus
1384 599 1429 655 ubi
1449 599 1528 654 fixerit
1554 600 1682 655 Innatus

515 689 644 742 tenninus
661 700 810 741 arrnncants
828 687 915 744 soluat
932 691 1051 744 bannum
1069 688 1118 743 sol.
1137 688 1170 741 V.
1187 704 1231 759 pp.
1251 687 1302 742 nisi
1320 687 1388 742 infru
1406 687 1481 742 IIIIor
1499 688 1555 742 dies
1573 689 1680 742 hocde·

515 777 681 830 nuncinuerit
699 776 858 830 consulibus
878 775 920 830 uel
939 777 990 830 nIsi
1009 775 1105 831 fecerit.
1125 778 1222 831 iustam
1241 775 1446 830 deffenssionem
1464 794 1510 847 per
1537 793 1683 830 sacramen·

515 877 573 917 tum
592 863 696 918 domini
715 875 742 917 et
759 862 859 918 Inmilie
877 880 929 936 que
947 863 1075 919 laborant
1094 865 1129 918 Et
1146 865 1270 936 campurij
1290 875 1431 918 oeneantur
1448 865 1488 918 bis
1506 865 1535 918 iu
1548 881 1621 919 anno
1632 864 1682 920 Re

514 953 619 1023 quirere
636 967 731 1006 omnes
749 952 885 1006 termipoe
903 953 937 1006 Et
955 951 1022 1006 infra
1041 952 1118 1006 VIII⁰
1136 952 1192 1006 dies
1210 969 1332 1006 accusare
1349 951 1509 1008 consulibus.

560 1091 617 1163 136.
636 1093 704 1148 Item
722 1105 849 1148 smnrtum
859 1094 982 1165 estquod
995 1093 1084 1148 nullus
1096 1105 1254 1148 mexonator
1265 1094 1358 1149 debent
1369 1093 1407 1147 ire
1420 1106 1594 1148 mexomtum
1607 1092 1682 1148 blnda

516 1196 565 1236 nec
582 1183 611 1236 in
629 1183 683 1236 suis
700 1183 808 1253 eampis
827 1200 878 1238 nec
895 1182 924 1236 in
942 1182 1035 1236 elienIs
1053 1182 1139 1236 donec
1158 1180 1236 1236 suerit
1253 1181 1439 1236 disbondutum
1452 1199 1498 1253 per
1515 1181 1637 1237 consules
1649 1183 1683 1236 de

515 1269 650 1325 conscilio.
669 1270 731 1324 VIII
749 1271 892 1326 hominum
911 1270 955 1324 uel
973 1271 1041 1324 circa
1059 1271 1092 1324 de
1111 1270 1248 1324 credenciu
1265 1285 1333 1341 quos
1351 1283 1444 1342 tangat
1462 1270 1570 1326 iactum
1587 1271 1622 1324 Et
1633 1270 1680 1342 qui

515 1357 697 1414 contrafecerit
721 1358 816 1413 Solunt
843 1360 963 1414 hunnum
990 1358 1038 1412 sol.
1056 1359 1090 1412 11.
1119 1375 1162 1430 pp.
1182 1373 1230 1429 pro
1248 1356 1368 1428 quolibet
1385 1371 1412 1412 et
1429 1358 1546 1432 qualibet
1564 1359 1630 1413 uice.
1648 1359 1683 1414 Et

516 1447 648 1520 Comparij
668 1459 808 1502 tenennnrr
824 1465 858 1501 ex
875 1458 1040 1501 sacramento
1058 1447 1114 1518 Ipsa
1132 1447 1220 1500 bunna
1238 1463 1360 1502 accusare
1373 1447 1441 1502 sicut
1452 1447 1512 1502 ulie
1525 1447 1559 1502 Et
1570 1447 1617 1502 illu
1629 1465 1684 1518 per·

515 1551 650 1606 sonsque
668 1546 769 1589 teneret
786 1535 830 1590 uel
848 1547 975 1590 tenssaret
992 1535 1063 1605 ipsos
1081 1547 1267 1590 meronatores
1285 1535 1314 1589 in
1332 1551 1383 1590 suo
1402 1551 1505 1608 campo.
1518 1535 1604 1590 soluat
1622 1536 1684 1589 bun·

515 1641 582 1679 num
600 1622 649 1678 sol.
668 1623 700 1677 II
719 1641 761 1695 pp.
779 1624 814 1677 Et
831 1624 953 1678 consules
970 1622 1004 1677 de
1022 1623 1143 1694 predictis
1160 1639 1218 1678 non
1230 1624 1332 1695 possint
1344 1625 1406 1678 dure
1419 1623 1566 1679 IIcenciam.
1579 1623 1613 1678 Et
1621 1639 1682 1678 con·

516 1711 586 1766 sule
603 1728 691 1784 neque
709 1713 832 1784 comperii
852 1729 908 1766 non
927 1712 1028 1783 possim
1046 1711 1130 1766 fnoere
1147 1711 1266 1784 aliquam
1283 1713 1396 1783 gratim
1413 1713 1447 1767 de
1466 1713 1683 1768 mexonntoribus

517 1799 685 1854 forenssibus.
703 1800 746 1870 (1)
764 1799 799 1854 Et
815 1801 888 1871 quod
906 1799 1028 1854 consules
1045 1811 1165 1870 tempore
1183 1801 1311 1854 messium
1329 1812 1356 1854 et
1367 1799 1563 1854 viudemIarum
1576 1813 1683 1858 tenesn-

515 1899 558 1941 tur
575 1903 673 1959 ponere
691 1889 812 1942 custodes
829 1889 862 1942 ad
881 1899 969 1958 portus
986 1887 1033 1959 qui
1051 1887 1172 1942 custodes
1190 1887 1243 1942 siut
1261 1899 1398 1960 tamquam
1411 1887 1683 1944 officisIesetauserre

520 1975 596 2030 blnda
614 1988 641 2030 et
658 1993 729 2030 runs.
748 1988 775 2030 et
793 1989 932 2031 teneantur
949 1993 1070 2031 accusare
1088 1976 1140 2046 (ι).

500 2117 507 2130 ’
553 2150 611 2204 137.
629 2135 697 2190 Item
715 2147 842 2190 statutum
871 2136 1000 2206 estquod
1027 2135 1049 2188 si
1076 2133 1164 2206 aliquo
1192 2151 1303 2205 persona
1321 2132 1400 2188 fruerit
1422 2133 1534 2190 quenta
1552 2135 1682 2207 portando

515 2223 609 2294 peleus
628 2223 790 2278 melecacias.
809 2223 920 2294 puninle.
940 2223 983 2276 uel
1002 2223 1147 2294 RappIcins
1166 2240 1216 2276 nee
1234 2225 1332 2278 erbam
1351 2241 1402 2278 nee
1419 2223 1515 2278 folium
1533 2225 1634 2278 oerexie
1652 2225 1679 2278 in

515 2311 603 2382 nIIqun
620 2323 692 2381 perte
711 2311 823 2382 bugeiie
839 2311 928 2365 solunt
938 2313 1056 2366 bannum
1066 2310 1115 2364 soI
1134 2310 1167 2364 V.
1177 2329 1219 2382 pp.
1230 2328 1277 2381 pro
1294 2311 1412 2382 qualibet
1429 2313 1495 2366 uice
1506 2313 1557 2366 nisi
1575 2312 1682 2367 haberet

514 2415 622 2470 campos
640 2401 668 2454 In
687 2400 793 2470 bugella
812 2401 856 2454 ubi
875 2417 919 2453 ees
937 2401 1054 2470 cepisset.
1074 2400 1117 2454 uel
1136 2400 1286 2454 ostenderet
1313 2399 1453 2455 manifeste
1479 2417 1508 2455 se
1535 2401 1632 2456 habere
1651 2400 1679 2454 Ii-

514 2488 633 2542 cencinm
652 2489 684 2540 ab
703 2488 750 2541 illo
768 2488 843 2542 cuius
861 2500 929 2541 esset
946 2504 1055 2558 campus
1073 2487 1119 2540 ubi
1137 2505 1181 2541 ees
1199 2487 1316 2558 cepisset
1330 2488 1397 2542 Etsi
1411 2504 1466 2543 non
1479 2501 1566 2558 posset
1578 2488 1682 2543 soluere

514 2577 633 2630 bannum
652 2576 773 2630 consules
791 2587 931 2630 teneantur
948 2575 1032 2630 facere
1050 2576 1138 2646 Ipsum
1157 2576 1269 2630 banniri.
1288 2577 1322 2630 Et
1340 2574 1462 2630 consules
1480 2593 1558 2647 super
1575 2576 1627 2630 hiis
1645 2589 1682 2630 te·

515 2679 627 2720 nenntur
644 2664 779 2736 Inquirere
796 2664 818 2718 si
837 2665 875 2718 eis
893 2663 970 2718 fuerit
988 2663 1186 2717 denunciatum.

553 2807 610 2877 13&
629 2808 673 2877 (2)
690 2806 759 2860 Item
777 2817 904 2860 statutum
923 2819 962 2858 est
980 2806 1052 2875 quod
1071 2805 1117 2876 qui
1135 2805 1261 2858 inuentus
1280 2803 1357 2858 suerit
1368 2804 1498 2874 portando
1510 2803 1574 2857 solia
1586 2803 1682 2856 ceresio

514 2910 570 2951 mm
588 2913 650 2950 cum
669 2895 749 2949 rumis
775 2911 856 2966 quam
883 2895 940 2948 sine
971 2893 1058 2946 ramis.
1077 2905 1103 2946 et
1122 2904 1177 2947 tarn
1204 2893 1238 2946 de
1256 2909 1304 2946 suo
1323 2909 1404 2964 quum
1423 2893 1456 2946 de
1481 2891 1570 2946 alieno
1597 2891 1682 2946 soluat

515 2986 635 3040 bennum
653 2983 701 3038 sol.
720 2983 753 3038 X.
772 3000 814 3055 pp.

553 3143 611 3200 139.
629 3127 697 3184 Item
715 3139 843 3184 stitutum
861 3137 900 3181 est
918 3125 991 3196 quod
1009 3125 1099 3182 nulius
1116 3128 1210 3183 debent
1228 3125 1266 3179 ire
1284 3142 1330 3196 per
1348 3125 1456 3197 panicos
1473 3141 1519 3184 aut
1533 3125 1628 3184 melios
1640 3140 1684 3178 ue

515 3217 605 3271 nendo
623 3234 639 3270 a
656 3217 723 3272 festo
741 3217 824 3272 sancti
841 3217 950 3286 eusebii.
969 3233 1052 3287 usque
1079 3216 1147 3272 dunt
1171 3213 1266 3269 nterim
1294 3215 1424 3270 recolecti
1442 3217 1476 3271 Et
1494 3218 1540 3289 qui
1557 3213 1683 3271 contrase

515 3306 579 3360 terit
596 3304 683 3362 soluat
700 3307 818 3360 bannum
837 3305 885 3359 sol.
904 3305 1023 3376 quinque
1040 3322 1082 3375 pp.

553 3461 611 3515 140.
630 3445 698 3502 Item
716 3459 844 3502 statutum
862 3447 991 3517 estquod
1010 3445 1056 3517 qui
1074 3445 1187 3500 senuerit
1213 3443 1257 3499 uel
1285 3444 1428 3514 pormuerit
1455 3445 1538 3499 ulium
1556 3443 1683 3516 selegium

515 3536 558 3590 uel
577 3537 668 3591 :rricius
687 3536 730 3591 uel
748 3535 811 3590 folin
830 3537 863 3590 de
880 3534 973 3588 alienis
1002 3534 1218 3604 possessionibus.
1248 3531 1335 3587 solunt
1361 3535 1480 3588 bannum
1499 3549 1546 3605 pro
1565 3533 1683 3604 quolibet

517 3638 544 3679 et
562 3627 679 3698 qualibet
698 3627 756 3679 uite
773 3624 822 3679 sol.
842 3624 875 3676 V.
894 3638 937 3692 pp.

553 3782 611 3833 141.
629 3767 698 3821 Item
715 3777 843 3820 stnnrtum
861 3776 900 3818 est
918 3764 989 3835 quod
1008 3763 1096 3835 aliqua
1113 3779 1225 3834 persona
1242 3777 1298 3818 non
1326 3761 1408 3832 possit
1434 3773 1538 3832 portare
1565 3760 1681 3832 aliquam

515 3869 611 3908 couam
629 3855 662 3907 de
680 3853 757 3908 blnua
775 3868 822 3907 seu
840 3867 927 3906 couns.
946 3852 998 3906 nisi
1016 3853 1165 3906 ostenderet
1183 3850 1254 3922 quod
1285 3861 1399 3920 portaret
1416 3851 1450 3903 de
1467 3865 1516 3902 suo
1535 3863 1638 3918 campo.
1656 3859 1683 3901 et

515 3943 567 3996 nisi
585 3943 693 3996 haberet
710 3959 834 4013 campum
853 3941 924 3994 unde
942 3952 1029 4011 posset
1047 3953 1158 4012 portare.
1176 3939 1210 3992 Et
1228 3938 1349 3992 consules
1367 3955 1423 3992 non
1454 3937 1556 4008 possint
1573 3937 1635 3990 dnre
1653 3935 1681 3988 ii·

515 4029 642 4086 cencinm.
660 4031 695 4084 Et
711 4030 758 4101 qui
776 4027 958 4084 contrafecerit
974 4028 1061 4083 solunt
1079 4043 1126 4098 pro
1144 4026 1261 4098 quolibet
1279 4025 1337 4079 uice
1354 4025 1403 4079 sol.
1422 4025 1540 4096 quinque
1558 4041 1601 4096 pp.

544 4224 577 4278 (ι)
591 4223 624 4278 (ι)
636 4220 703 4264 Verbo
719 4222 821 4278 posterius
836 4221 922 4275 edium.

539 4296 572 4350 (ι)
584 4293 702 4350 cupierim
715 4295 798 4336 minure
812 4293 870 4336 iiten
889 4292 963 4335 hiddi
977 4302 1031 4336 curet
1044 4301 1066 4334 et
1079 4302 1151 4348 purten
1165 4291 1257 4334 eudimus
1272 4301 1311 4334 est.
