3958 5540
520 525 570 580 126

516 665 610 716 unum,
629 647 769 704 clientulos
786 665 833 704 seu
853 649 986 704 bernerius
1003 649 1130 722 quinque,
1144 649 1317 704 domicellum
1326 665 1420 716 unum,
1433 649 1568 705 chochum
1586 668 1682 718 unum,

516 737 725 808 palummum
742 750 769 792 et
786 737 932 809 porterium
950 753 1044 792 unum.
1063 738 1118 800 Qui
1137 737 1190 792 sint
1207 738 1296 792 saltim
1322 738 1399 792 etatis
1425 755 1558 794 annorum
1585 741 1682 812 viginti

515 837 610 896 exepto
629 826 703 896 pezio
722 837 748 880 et
766 826 899 896 pincerna
918 827 986 880 Item
1004 841 1088 897 equos
1114 837 1166 880 tres
1194 826 1291 880 saltim.
1309 825 1344 879 Et
1370 825 1468 880 habere
1485 827 1599 882 debeant
1617 828 1679 882 died

516 915 635 985 quinque
652 913 745 967 famuli
763 931 812 984 pro
830 929 924 968 eorum
951 913 1104 968 munitione
1130 930 1178 983 pro
1205 913 1323 985 quolibet
1349 931 1396 984 per
1419 931 1505 968 unum
1522 915 1681 969 condamm

516 1003 574 1056 siue
592 1019 678 1056 unum
696 1019 875 1072 panmronum
894 1001 1030 1056 Cutellum
1049 1017 1135 1055 unum
1152 1001 1210 1056 siue
1227 1013 1329 1072 spatam
1347 1001 1495 1056 tnuolstum
1508 1019 1600 1057 vnum.
1614 1005 1681 1058 Item

516 1090 630 1144 lanciam
641 1107 723 1143 unam
735 1090 792 1143 siue
803 1089 994 1160 ghinualinam.
1008 1089 1099 1152 Quam
1111 1090 1221 1160 quidem
1233 1087 1363 1142 brullium
1377 1090 1546 1144 munimenta
1563 1103 1590 1144 et
1599 1108 1681 1162 equos

516 1195 562 1248 per
580 1179 676 1232 modos
694 1178 881 1249 suprascriptos
899 1179 983 1230 dictus
1010 1177 1136 1230 dominus
1163 1189 1277 1248 potestas
1294 1193 1385 1231 secum
1403 1178 1500 1232 habere
1518 1191 1639 1232 tenesntr
1655 1191 1682 1233 et

516 1278 664 1336 presentare
682 1266 709 1320 in
729 1265 834 1336 plathea
851 1265 914 1320 dicti
932 1265 1063 1318 oomunis.
1081 1265 1115 1320 Et
1132 1263 1154 1318 si
1172 1264 1272 1336 aliquid
1290 1282 1323 1318 ex
1340 1265 1464 1335 predictis
1476 1263 1598 1320 deficeret
1606 1265 1681 1321 Idem

516 1353 642 1407 dominus
659 1365 774 1423 potestas
791 1369 848 1407 non
867 1353 949 1424 possit
967 1353 1000 1408 de
1017 1353 1076 1424 ipso
1094 1351 1180 1407 offitio
1198 1369 1227 1406 se
1244 1353 1422 1406 intromittere
1439 1369 1489 1406 nec
1506 1353 1616 1426 aliquod
1635 1371 1680 1408 sa-

516 1441 613 1494 larium
631 1440 737 1494 habere.

552 1595 595 1649 25·
613 1579 681 1632 Item
699 1579 771 1649 quod
789 1577 901 1632 viarius
918 1579 953 1633 sit
970 1591 997 1633 et
1014 1595 1071 1632 esse
1088 1579 1182 1634 debeat
1200 1579 1291 1651 legum
1304 1580 1397 1634 doctor
1411 1579 1453 1634 uel
1465 1579 1642 1652 licenciatus(
1658 1582 1680 1652 ).

518 1669 552 1722 Et
570 1667 735 1722 Colleteffls
753 1665 851 1720 nobilis
869 1667 921 1736 (ι).

553 1806 594 1862 26.
612 1807 680 1861 Item
698 1807 771 1878 quod
789 1807 859 1862 dicta
876 1819 972 1862 statuta
990 1819 1116 1878 perpetuo
1134 1807 1240 1878 seruarij
1261 1806 1373 1861 debeant
1391 1823 1441 1860 nec
1458 1806 1558 1879 aliquid
1571 1809 1605 1862 de
1617 1824 1679 1862 oon·

517 1896 596 1948 tentis
614 1897 642 1948 in
661 1895 751 1966 aliquo
769 1895 888 1966 ipsorum
906 1895 989 1966 possit
1015 1895 1166 1966 disponsarij
1187 1894 1238 1948 nisi
1256 1895 1290 1948 de
1316 1911 1447 1949 consensu
1474 1895 1583 1949 maioris
1601 1897 1680 1966 partis

516 1983 649 2037 credentie
667 1983 730 2037 dicti
748 1983 879 2038 comunis
898 1981 1095 2038 Confirmantes
1113 1981 1206 2036 omnio
1223 1981 1274 2036 alia
1292 1999 1344 2054 que
1362 1983 1391 2038 in
1403 1983 1585 2038 sacramentali
1597 1983 1681 2038 conti-

516 2083 621 2126 nentur.
639 2071 673 2126 Et
691 2070 813 2142 predictis
831 2087 888 2125 non
906 2071 988 2142 possit
1005 2071 1148 2142 derrogari.

551 2300 639 2369 (ΒΜ)
658 2298 883 2353 FRAGMENTA
910 2297 1171 2354 STATUTORUM
1198 2299 1247 2352 DE
1275 2297 1504 2364 POTESTATE,
1531 2299 1579 2354 ET
1598 2299 1680 2370 EJth

516 2387 673 2441 FAMlLlA.
693 2418 726 2427 -
746 2387 801 2440 Fol.
820 2385 908 2442 Clnrl.
928 2399 968 2440 xx
984 2385 1017 2439 ad
1036 2399 1124 2440 xxvu.

516 2773 569 2840 27.
594 2750 695 2832 Quod
717 2767 859 2840 potestas
882 2771 951 2817 non
974 2750 1077 2837 possit
1100 2765 1188 2818 extra
1210 2766 1390 2840 pernotare.

552 2860 619 2912 ltem
639 2857 795 2911 ordinarunt
813 2856 885 2928 quod
903 2858 1023 2910 Potesms
1041 2855 1110 2910 dicte
1129 2856 1309 2911 Comunitatis
1336 2869 1409 2911 extra
1436 2859 1551 2929 burgum
1572 2856 1683 2928 Bugelle

516 2964 563 3002 seu
581 2958 655 3001 extra
672 2945 785 2999 domum
804 2944 942 3016 regiminis
959 2956 1098 3014 pnnotare
1115 2961 1172 2998 non
1190 2945 1272 3016 possit
1289 2945 1457 3017 nisiqunudo
1475 2945 1563 3016 ipsum
1581 2946 1682 2999 contin·

516 3045 590 3106 geret
608 3051 656 3105 pro
674 3032 806 3104 republiot
823 3032 954 3087 absentati
972 3049 1004 3086 er
1022 3032 1211 3086 deliberatione
1229 3031 1346 3104 conscilii
1366 3031 1504 3104 generalis.

516 3195 569 3260 28.
594 3190 697 3273 Quod
718 3209 859 3279 potestas
883 3192 1010 3280 erigere
1032 3207 1179 3257 teneatur
1201 3191 1311 3256 omnia
1334 3187 1439 3258 debita
1461 3191 1621 3258 comunis.

553 3299 621 3353 Item
639 3308 786 3352 statuerunt
812 3309 839 3350 et
865 3297 1056 3350 ordinauerunt
1083 3297 1155 3368 quod
1182 3297 1301 3350 Potestas
1327 3295 1458 3366 prodicttu
1475 3295 1543 3350 infin
1561 3313 1681 3351 mensem

517 3399 658 3460 postquam
676 3387 725 3439 sibi
744 3385 934 3440 denunciatum
953 3384 1031 3438 suerit
1048 3402 1095 3457 per
1112 3384 1267 3438 Cluuarium
1286 3396 1405 3438 tenentur
1422 3385 1528 3455 exigere
1545 3385 1638 3439 omnia
1655 3397 1682 3439 et

517 3475 622 3548 singule
640 3491 692 3545 que
709 3474 839 3528 debentur
857 3474 975 3528 Comuni
994 3491 1040 3544 per
1057 3489 1254 3545 quamcumque
1272 3488 1412 3542 personam
1430 3473 1485 3525 Sub
1513 3489 1580 3543 pena
1598 3471 1680 3526 libru-

517 3581 577 3619 rum
595 3563 681 3627 XXV,
699 3561 865 3633 papiensium
883 3562 933 3616 sibi
951 3561 1149 3616 retinendarum
1167 3561 1201 3614 de
1218 3559 1313 3614 salario
1331 3560 1403 3615 illius
1421 3559 1527 3614 mensis

517 3741 572 3809 29.
595 3724 645 3791 De
667 3724 736 3811 jure
759 3718 923 3788 reddendo
946 3741 1004 3808 per
1026 3735 1229 3808 potestatem.

553 3831 621 3885 Item
639 3840 786 3883 statuerunt
812 3827 884 3898 quod
911 3825 1030 3881 Potestas
1057 3825 1126 3881 dicte
1144 3837 1212 3880 terre
1236 3825 1277 3878 sui
1295 3825 1400 3896 copiam
1418 3825 1503 3879 faeere
1520 3837 1639 3879 tenentum
1657 3837 1684 3879 et

518 3919 676 3990 ctticumque
693 3917 793 3988 petenti
812 3927 869 3971 toto
888 3927 1008 3986 tempore
1025 3915 1066 3968 sui
1085 3913 1223 3986 regiminis
1241 3913 1325 3968 secere
1336 3914 1440 3968 iusticie
1455 3913 1683 3985 complementum

516 4006 551 4060 Et
569 4007 719 4077 permittere
736 4003 882 4077 quamlibet
899 4019 1040 4074 personam
1058 4002 1155 4056 intrare
1165 4002 1318 4072 hospicium
1330 4017 1408 4056 suum
1422 4013 1449 4055 et
1461 4001 1511 4055 sibi
1523 4001 1597 4072 loqui
1610 4002 1683 4056 horis

518 4095 650 4164 congruis.
662 4094 696 4149 Et
708 4094 783 4148 omni
796 4093 839 4148 die
852 4105 911 4164 post
929 4107 1030 4146 nouam
1048 4103 1075 4145 et
1092 4103 1153 4145 unte
1171 4107 1290 4161 vesperas
1308 4088 1392 4144 facere
1410 4089 1507 4160 pulsari
1525 4106 1682 4160 campanam

518 4181 650 4236 Comunis
668 4193 695 4236 et
711 4181 750 4248 ire
767 4181 801 4235 od
814 4179 949 4235 bauchum
961 4179 1007 4233 ubi
1019 4179 1076 4234 iura
1088 4178 1241 4232 redduntur.
1254 4176 1426 4249 Infrascriptis
1438 4177 1532 4232 diebus
1544 4189 1571 4232 et
1583 4187 1674 4248 tempo

546 4355 576 4407 (ι)
591 4355 620 4407 (ι)
634 4353 699 4394 l'erbr
713 4354 779 4396 multo
792 4363 848 4410 post,
863 4366 886 4395 ae
900 4353 987 4396 fonuse
1001 4351 1072 4395 seculo
1086 4351 1143 4404 utu,
1158 4351 1246 4394 edem.
