3926 5542
517 519 567 575 152

513 647 544 694 2.
568 628 728 694 Ststutum
752 628 839 717 quod
861 631 965 696 mariti
988 651 1055 695 non
1071 629 1242 697 succedant
1257 630 1290 695 in
1307 628 1434 696 dotibus
1448 651 1587 696 vxomm
1603 646 1679 696 ante

556 732 749 800 celebratum
771 736 1024 818 matrimonium,
1048 737 1191 824 rogitum
1206 736 1411 802 instrumenti
1427 734 1541 802 dotalis
1558 753 1590 802 et
1606 751 1675 801 tra-

556 837 740 907 ductionem
761 840 870 908 vxoris
892 839 933 910 ad
955 839 1090 908 domum
1113 862 1206 908 suam
1229 855 1261 906 et
1284 835 1371 928 quod
1393 841 1428 906 in
1452 840 1583 908 comuni
1607 861 1676 908 asu-

553 960 658 1012 matur
680 944 785 1013 honus
807 943 872 1012 litis
895 963 1007 1012 contra
1030 961 1294 1014 contrauentores
1316 945 1382 1032 (1).

547 1103 576 1157 ln
594 1104 705 1158 nomine
723 1103 827 1158 domini
845 1103 927 1156 nostri
946 1083 1002 1174 filu
1013 1085 1067 1174 'rs-pi
1084 1120 1172 1156 nmen.
1193 1104 1274 1156 Anno
1293 1119 1308 1156 a
1326 1103 1464 1156 natiuitate
1482 1103 1601 1156 eiusdem
1619 1118 1674 1154 cur-

509 1203 583 1245 rente
601 1191 744 1245 millesimo
763 1191 1012 1262 quatercentessimo
1030 1191 1266 1262 quinquagessimo
1283 1203 1376 1262 quarto
1404 1190 1542 1244 Inditione
1559 1191 1674 1243 secunda

509 1279 552 1332 die
569 1279 712 1350 vigessimo
730 1292 805 1332 sexto
823 1281 922 1332 mensis
940 1280 1063 1332 octubris
1083 1279 1182 1331 Actum
1201 1278 1229 1330 in
1243 1278 1328 1348 placio
1342 1277 1452 1347 Bugelle
1463 1277 1585 1331 videlicet
1596 1293 1674 1348 super

508 1365 609 1436 palacio
627 1367 749 1420 comunis
767 1367 830 1419 dicti
849 1366 901 1419 loci
919 1368 962 1419 vbi
983 1379 1008 1418 et
1027 1384 1105 1436 super
1123 1383 1177 1435 quo
1195 1366 1282 1418 solent
1301 1365 1455 1418 Consilium
1473 1377 1500 1418 et
1527 1365 1672 1417 Credencia

506 1453 591 1524 Ipsius
604 1455 727 1507 comunis
739 1454 902 1526 Congregarj
917 1455 1008 1525 Ibique
1023 1454 1179 1508 Conuocata
1191 1467 1217 1506 et
1229 1465 1389 1524 congregata
1402 1453 1538 1506 credentia
1549 1452 1672 1506 comunis
1737 1501 1748 1522 ,

506 1541 568 1594 dicti
587 1541 639 1594 loci
658 1540 768 1613 Bugelle
786 1543 819 1596 de
837 1543 963 1596 mandato
981 1543 1086 1613 Egregij
1107 1554 1133 1594 et
1152 1541 1291 1594 Nobilium
1304 1539 1422 1594 tirorurn
1435 1540 1608 1594 dominomm
1621 1539 1672 1592 Lu-

506 1629 594 1683 douici
613 1630 754 1683 Bertodani
774 1630 888 1683 Comitis
907 1629 1015 1700 palatini
1035 1629 1151 1699 Clauarij
1172 1628 1269 1682 Bonini
1283 1629 1316 1682 de
1330 1627 1443 1700 ferrariis
1455 1641 1481 1682 et
1493 1627 1592 1682 Roffini
1604 1643 1672 1680 mes-

504 1715 590 1768 serani
609 1717 758 1770 Consulum
777 1718 839 1770 dicti
858 1717 980 1771 comunis
998 1717 1073 1770 Sono
1092 1717 1230 1786 Campane
1242 1729 1268 1769 et
1281 1733 1346 1769 voce
1358 1717 1479 1786 preconis
1497 1727 1575 1785 prout
1588 1715 1671 1768 moris

504 1815 543 1854 est
561 1803 592 1856 ln
610 1821 662 1873 qua
680 1805 788 1875 quidem
808 1804 953 1858 Credencia
971 1803 1145 1858 interfuerunt
1165 1803 1357 1856 Conuenerunt
1375 1816 1401 1856 et
1420 1815 1552 1873 presentes
1564 1800 1670 1854 fuemnt

504 1889 595 1958 prefati
613 1891 716 1944 domini
727 1891 864 1946 Clanarius
874 1907 899 1946 et
909 1893 1040 1946 Consules
1052 1909 1082 1945 ac
1096 1891 1204 1944 inferius
1217 1892 1349 1945 nominati
1363 1891 1486 1944 homines
1497 1889 1667 1959 Credendarij

503 1989 529 2029 et
547 1977 626 2032 vicini
645 1995 693 2048 pro
711 1979 879 2050 infrascriptis
897 1980 1044 2050 specialiter
1061 1979 1224 2050 peragendis.
1245 1979 1370 2042 Quorum
1389 1979 1498 2048 quidem
1521 1977 1670 2031 Credenda·

502 2065 603 2118 riomm
622 2078 648 2118 et
666 2067 809 2120 hominum
822 2069 933 2120 nomina
946 2079 1007 2121 sunt
1019 2068 1075 2119 hec.
1090 2067 1200 2120 Nobiles
1213 2067 1346 2120 Iohannes
1359 2067 1391 2120 de
1403 2065 1515 2136 ferrariis
1533 2065 1668 2119 Antonius

502 2149 622 2206 ferrarius
641 2153 751 2206 lacobus
769 2155 931 2207 bertodanus
951 2155 1082 2206 lohennes
1101 2153 1166 2206 secia
1184 2154 1355 2208 Iohanninus
1373 2165 1451 2206 conte
1464 2151 1616 2206 franciscus
1634 2152 1668 2205 de

501 2251 582 2308 puteo
601 2241 735 2294 Antonius
753 2242 904 2312 passalaqua
918 2243 1053 2296 Iohannes
1066 2241 1136 2296 filius
1149 2242 1286 2313 quondam
1299 2242 1387 2294 lacobi
1399 2241 1487 2310 gromi
1500 2239 1666 2292 Vallarianus

501 2327 534 2379 de
553 2325 664 2397 ferrarijs
683 2329 812 2381 Martinus
830 2329 969 2399 Tolegnus
988 2329 1109 2382 Roffinus
1129 2330 1253 2398 tolegnus
1273 2329 1405 2382 lohannes
1423 2328 1547 2398 tolegnus
1559 2327 1667 2380 Bartho-

501 2413 605 2467 lomeus
623 2415 701 2468 scalia
720 2417 815 2468 Simon
834 2417 866 2468 de
885 2415 965 2484 sango
984 2417 1119 2469 vbertinus
1137 2433 1213 2486 capra
1226 2415 1410 2468 bartolomeus
1422 2415 1535 2468 villanus
1549 2414 1665 2469 Bartolo·

500 2519 576 2556 meus
590 2503 686 2556 cotella
704 2504 839 2556 Antonius
856 2504 890 2556 de
907 2502 988 2572 lango
1006 2503 1156 2572 Stephanus
1174 2504 1328 2573 Sapellanus
1347 2503 1481 2558 Antonius
1499 2504 1532 2556 de
1550 2502 1663 2573 giglono

500 2590 683 2645 Bartolomeus
695 2608 777 2661 gener
789 2603 815 2644 et
827 2591 986 2644 Dominicus
998 2592 1150 2661 passalaqua
1162 2593 1295 2646 lohannes
1307 2593 1340 2644 de
1352 2591 1491 2644 nouellino
1505 2591 1618 2644 Iacobus
1631 2591 1666 2644 de

498 2679 580 2748 spinis
589 2695 637 2748 pro
649 2677 755 2748 lanerijs
764 2679 896 2732 lohannes
905 2679 1000 2732 lerona
1010 2679 1159 2748 Stephanus
1169 2679 1234 2734 secia
1246 2679 1380 2733 Dominus
1392 2679 1525 2732 lohannes
1533 2679 1566 2730 de
1576 2678 1662 2732 batia-

498 2767 540 2820 nis
548 2766 688 2820 lacobinus
697 2783 773 2835 capra
783 2765 914 2818 lohannes
923 2782 1033 2835 gromus
1043 2768 1111 2834 pedo
1122 2767 1256 2820 Antonius
1265 2783 1341 2835 capra
1354 2766 1489 2820 Antonius
1498 2764 1563 2820 lecia
1576 2765 1665 2818 Batto-
1756 2801 1762 2814 .

498 2853 603 2908 lomeus
615 2854 765 2923 pelliparius
775 2870 822 2923 pro
841 2853 982 2923 pellipariis
1001 2866 1088 2924 petrus
1101 2855 1135 2908 de
1147 2855 1257 2925 georgio
1276 2855 1372 2906 uerius
1390 2852 1511 2906 serrarius
1529 2853 1663 2906 Antonius

497 2953 648 2996 muaasotus
666 2941 779 2996 Iacobus
797 2953 914 2994 crosetus
932 2943 1094 2995 Ambrosius
1106 2942 1220 2996 artaldus
1232 2943 1370 2996 Antonius
1379 2941 1518 3010 caligarius
1528 2941 1663 2994 Antonius

497 3030 531 3082 de
542 3029 633 3099 gatigo
644 3045 692 3099 pro
704 3029 846 3082 sartoribus
859 3030 1025 3099 Augustinus
1037 3041 1154 3082 cerruurs
1167 3045 1214 3099 pro
1227 3029 1356 3100 becharijs
1368 3028 1509 3082 Enselruus
1526 3045 1662 3083 carantana

496 3116 680 3172 Bartolomeus
691 3117 812 3174 ferrarius
823 3119 996 3172 Vercellonus
1014 3119 1047 3172 de
1060 3119 1163 3172 molino
1176 3135 1224 3188 pro
1242 3118 1387 3171 textoribus
1406 3128 1494 3186 petrus
1506 3117 1596 3186 gorzia
1613 3133 1662 3186 pm

495 3204 626 3276 caligariis
637 3206 770 3260 Iohannes
782 3206 815 3261 de
827 3207 990 3276 vergnascho
1003 3223 1050 3276 pro
1064 3205 1142 3259 labris
1152 3205 1286 3258 Antonius
1298 3221 1380 3274 gener
1389 3203 1542 3258 Ludouicus
1551 3219 1661 3273 mutnus

496 3292 582 3347 Iulius
593 3294 627 3348 de
638 3293 750 3364 ferrariis
763 3306 789 3348 et
806 3295 952 3348 Antermus
973 3306 1051 3347 conte
1070 3293 1240 3346 costituentes
1259 3292 1325 3344 vitm
1343 3303 1395 3346 tres
1413 3303 1499 3361 partes
1516 3292 1661 3346 hominum

495 3379 735 3435 Credendariorum
753 3393 780 3434 et
798 3381 944 3436 Credencie
961 3382 1024 3434 dicti
1044 3381 1167 3434 comunis
1181 3379 1291 3450 Rugelle
1303 3379 1416 3450 prefatus
1429 3380 1555 3433 dominus
1567 3379 1661 3434 Claus-

495 3467 548 3520 rius
566 3469 594 3520 in
612 3470 682 3524 dicta
700 3469 845 3523 Credencia
863 3469 930 3520 dixit
947 3481 973 3522 et
991 3470 1127 3538 proposuit
1145 3486 1178 3522 an
1189 3468 1266 3521 dictis
1275 3467 1464 3522 consulibuset
1475 3467 1660 3536 Credendarijs

494 3555 605 3610 Salubre
623 3568 649 3610 et
666 3556 730 3610 vtile
748 3556 867 3610 videsmr
885 3556 957 3626 quod
986 3555 1120 3610 Statuatur
1146 3567 1172 3608 et
1191 3555 1348 3610 reformetur
1374 3571 1404 3610 ac
1423 3554 1468 3608 fiat
1486 3567 1513 3608 et
1530 3557 1660 3609 condatur

494 3659 541 3713 pro
560 3645 632 3698 bono
650 3643 762 3698 utilitate
779 3659 809 3698 ac
827 3642 936 3712 pacifico
955 3655 1024 3696 statu
1043 3643 1105 3696 dicti
1124 3643 1247 3697 comunis
1264 3659 1295 3696 ac
1313 3643 1464 3713 reypublice
1482 3643 1659 3698 uniuersitatis

493 3743 520 3785 et
537 3731 681 3785 hominum
699 3731 762 3786 dicti
780 3730 832 3784 loci
850 3729 960 3800 bugelle
978 3729 1112 3784 summm
1130 3729 1286 3800 instasoipsi
1305 3730 1404 3782 terioris
1421 3730 1550 3784 videlicet

528 3853 681 3908 statuerunt
692 3852 834 3908 voluerunt
845 3863 872 3906 et
884 3852 1082 3906 declarauemnt
1094 3854 1126 3906 ad
1139 3853 1288 3906 tollendum
1298 3851 1435 3905 materiam
1448 3851 1570 3921 litigandi
1582 3864 1608 3905 et
1620 3851 1658 3905 di·

492 3942 654 3996 scordiarum
663 3943 732 3995 inter
745 3941 882 4012 Cognatos
894 3942 1015 4012 Agnatos
1024 3953 1050 3994 et
1062 3940 1143 3994 alines
1153 3941 1237 4010 Super
1247 3940 1455 3994 successionibus
1464 3957 1620 4009 sponsamm
1630 3953 1657 3992 et

491 4045 603 4082 vrorum
614 4030 709 4100 quibus
719 4030 879 4100 quandoque
888 4029 938 4082 viri
950 4045 996 4082 seu
1006 4029 1095 4099 sponsi
1107 4029 1245 4081 succedere
1254 4027 1440 4081 decedentibus
1453 4027 1524 4096 prius
1532 4043 1613 4096 quam
1622 4027 1655 4080 ad

490 4133 584 4170 eorum
594 4117 690 4170 domos
702 4118 907 4171 traducanturet
918 4117 1131 4170 benedictionem
1141 4115 1169 4168 in
1179 4115 1244 4168 facie
1263 4114 1371 4167 ecclesie
1389 4114 1587 4183 susceperintse
1605 4115 1654 4167 de-

490 4205 551 4257 bere
563 4205 729 4274 pretendunt,
739 4205 822 4268 Quod
834 4222 890 4260 non
903 4204 1067 4259 obstantibus
1079 4203 1169 4274 aliquo
1182 4203 1286 4266 Statuto
1300 4202 1362 4255 dicti
1375 4202 1499 4255 comunis
1510 4213 1556 4254 aut
1567 4201 1655 4272 aliqua

517 4341 545 4398 (ι)
560 4341 643 4387 Ἠιπῑυ
657 4345 759 4400 posterius
772 4345 894 4403 adscriptus.
