3918 5554
534 505 584 572 264

533 629 610 683 binus
628 629 765 683 Bonardus
773 629 807 682 de
818 628 938 684 Cossato.
951 629 1086 684 Antonius
1098 629 1257 684 Gambaron.
1271 629 1417 684 Gratianus
1441 629 1538 684 Conte.
1557 629 1697 684 Nioolinus

532 717 718 772 Galdimerius.
738 718 872 772 Antonius
890 719 923 771 de
941 718 1062 788 Morixijs
1079 731 1106 772 et
1124 718 1315 773 bartolomeus
1335 718 1501 772 vercellinus
1524 718 1626 772 Guirla.
1637 717 1698 770 Per·

530 819 604 859 rotus
623 807 689 877 Ripa
707 819 734 860 et
752 806 838 860 frater.
859 806 983 869 Quilicus
1001 807 1165 860 Molinanus
1185 806 1322 860 Guilelmo
1339 806 1374 860 cle
1398 805 1492 860 eobo.
1512 806 1697 860 Bartolomeus

530 893 708 964 Pauignonus.
740 894 875 947 Antonius
903 893 1066 964 Supellanus
1094 893 1210 948 Milanus
1228 894 1386 964 Magalinus.
1404 893 1498 947 Petrus
1525 894 1696 947 &nunnus

530 980 622 1034 Penus
640 981 803 1036 Marruchus.
823 981 1064 1051 bonnusjohannes
1082 981 1115 1034 de
1133 981 1232 1035 Sancto
1250 982 1370 1052 Iohanne
1388 982 1422 1034 de
1434 981 1576 1034 Ruroncio.
1595 978 1697 1032 Vercel-

528 1069 599 1124 ilnus
616 1071 650 1123 de
668 1071 787 1123 Brucina.
807 1069 942 1124 Antonius
958 1069 992 1123 de
1010 1069 1191 1140 Mortiliango.
1209 1069 1302 1123 Petrus
1318 1069 1441 1124 bassam
1458 1081 1486 1124 et
1503 1067 1601 1122 fratrea
1619 1067 1693 1120 ilen-

527 1157 656 1211 selminus
673 1159 706 1211 de
725 1157 839 1212 Carion.
860 1159 991 1211 ilenricus
1008 1157 1153 1228 liuragnus
1181 1157 1275 1211 Petrus
1306 1157 1340 1210 de
1358 1157 1490 1210 Clauazia.
1508 1157 1641 1210 lohannes
1659 1155 1694 1208 de

527 1245 680 1298 NouellIno.
700 1245 838 1316 Philippus
856 1246 888 1298 de
908 1245 1061 1298 Nouellino.
1081 1245 1214 1299 lohannes
1232 1245 1311 1299 Roer.
1329 1244 1474 1298 Guillonus
1486 1244 1520 1297 de
1532 1241 1693 1298 Clauasiaet

528 1332 612 1386 frater.
633 1334 784 1388 Franciscus
804 1333 896 1386 Mozia

1010 1681 1220 1694 -ι-

846 1930 876 1984 F.
907 1929 1085 1984 STATUTA
1103 1929 1376 1984 MASSARIORUM.

572 2106 609 2172 ln
633 2106 765 2172 nomine
787 2104 951 2172 individue
976 2107 1123 2172 trinitatis
1148 2107 1244 2192 patris
1273 2105 1326 2192 filij
1363 2121 1394 2171 et
1432 2105 1560 2192 spiritus
1595 2104 1696 2170 sancti

529 2210 764 2299 Beatorumque
789 2210 914 2296 Eusebij
940 2229 971 2276 et
995 2210 1146 2298 Stephani
1169 2229 1377 2298 patronorum
1402 2227 1587 2276 nostrorum
1602 2211 1697 2276 totiu-

528 2337 607 2404 sque
630 2318 734 2383 curiae
758 2315 883 2383 celestis
907 2337 1011 2384 amen.

570 2491 621 2558 Ad
644 2491 803 2559 honorem
825 2492 924 2558 totins
947 2489 1125 2578 praedictae
1147 2493 1251 2560 curiae
1274 2493 1399 2561 celestis
1424 2491 1696 2582 Illustrissimiqne

526 2598 677 2686 principis
700 2615 732 2664 et
755 2595 892 2665 Comitis
915 2620 952 2664 ac
974 2597 1097 2665 domiai
1121 2599 1220 2668 nostri
1244 2599 1368 2667 domini
1391 2597 1694 2667 Amedeisabaudie

528 2703 666 2770 Comitis
689 2725 749 2772 nec
772 2724 839 2770 non
862 2721 1094 2791 augumentum
1123 2721 1156 2772 et
1190 2703 1313 2773 bonum
1350 2722 1467 2773 statum
1501 2706 1600 2773 totius
1634 2726 1695 2772 co·

529 2811 694 2877 munitatis
717 2807 842 2898 bugelle
865 2827 897 2876 et
919 2808 1091 2898 spetialiter
1113 2811 1261 2878 omnium
1283 2811 1696 2900 massariorumterrigeno·

528 2935 601 2982 rum
624 2933 656 2982 et
679 2914 856 2982 sorensium
879 2913 1090 2983 habitantium
1113 2917 1147 2982 in
1170 2914 1295 3004 bugella
1318 2933 1350 2982 et
1372 2915 1516 2984 districtu
1539 2917 1618 2984 eius.

571 3092 659 3160 Haec
682 3109 757 3160 sunt
779 3091 934 3183 quaedam
958 3109 1074 3159 statuta
1097 3109 1128 3159 et
1151 3091 1373 3160 ordinamenta
1396 3094 1543 3160 omnium
1581 3114 1696 3160 massa·

525 3199 648 3266 ri0rum
670 3198 733 3265 loci
771 3197 897 3288 bugelle
935 3197 1017 3265 facta
1052 3219 1137 3266 anno
1176 3198 1299 3266 domini
1338 3217 1483 3267 currente
1522 3199 1694 3268 millesimo

525 3306 750 3372 trecentesimo
774 3305 994 3392 octoagesimo
1020 3305 1134 3394 quinto
1165 3301 1345 3372 Indictione
1379 3305 1468 3374 VIII.
1503 3325 1535 3373 et
1568 3303 1696 3394 Incepta

525 3410 576 3478 die
599 3409 735 3478 XVIIII.
759 3413 879 3477 mensis
903 3409 1080 3478 decembris
1103 3429 1250 3498 tempore
1280 3411 1463 3478 consulatus
1485 3411 1694 3500 providorum

524 3518 668 3584 virorum
691 3516 826 3582 simonis
850 3537 942 3604 capra
964 3533 996 3582 et
1019 3513 1170 3583 ambrosii
1193 3515 1305 3584 artaldi
1327 3515 1499 3584 consulum
1531 3519 1694 3586 mestrarie

525 3622 684 3690 dictorum
708 3621 945 3688 massariorum.

563 3813 586 3852 1.
604 3798 738 3868 Imprimis
755 3809 902 3851 statuerunt
920 3809 946 3850 et
963 3797 1154 3852 ordinaucrunt
1172 3799 1243 3869 quod
1263 3798 1393 3853 Consules
1426 3813 1526 3854 veteres
1555 3812 1694 3856 teneantur

526 3900 552 3941 et
570 3888 683 3941 debeant
701 3887 839 3940 annuatim
858 3899 920 3940 octo
938 3887 1031 3940 diebus
1048 3899 1110 3940 ante
1128 3887 1224 3940 lectum
1252 3889 1335 3941 sancti
1362 3888 1469 3942 martini
1499 3889 1598 3960 eligere
1626 3891 1693 3944 duos

524 3976 592 4030 alios
610 3975 733 4030 consules
752 3990 838 4028 nouos
856 3975 902 4046 qui
921 3975 974 4028 sint
992 3974 1025 4028 de
1042 3976 1114 4029 dicto
1132 3974 1247 4046 collegio
1265 3978 1315 4029 sub
1333 3993 1399 4047 pena
1418 3989 1444 4031 et
1463 3977 1551 4031 banuo
1570 3993 1618 4048 pro
1630 3993 1694 4049 quo

523 4065 587 4120 libet
605 4064 648 4117 die
666 4079 718 4134 qua
735 4064 854 4118 steterint
872 4063 905 4116 ad
924 4062 1075 4117 iaciendum
1093 4064 1192 4118 dictam
1211 4064 1370 4120 electionem
1389 4077 1448 4136 post
1459 4066 1544 4120 dictos
1555 4078 1618 4120 octo
1636 4067 1693 4120 dies

524 4164 551 4205 et
568 4153 640 4222 quod
658 4152 749 4206 nullus
767 4151 849 4223 possit
866 4167 985 4205 recusare
1002 4151 1121 4206 officium
1140 4151 1292 4206 consulatus
1309 4155 1358 4208 sub
1370 4155 1458 4208 banno
1470 4155 1617 4208 solidorum
1627 4153 1692 4210 XX.

524 4253 625 4311 praeter
643 4241 695 4294 boc
712 4241 746 4295 sit
764 4241 864 4295 consul.
884 4253 910 4294 et
927 4239 1075 4295 solidorum
1094 4241 1127 4294 V.
1159 4257 1206 4311 pro
1236 4242 1353 4312 qualibet
1383 4243 1426 4296 die
1453 4259 1505 4314 qua
1532 4245 1632 4298 steterit
1659 4245 1692 4298 ad

524 4329 713 4398 acceptandum
732 4330 833 4382 dictum
852 4329 1027 4383 consolatum.
