3918 5554
1383 559 1434 612 237

274 689 321 738 12.
346 669 395 736 De
419 668 585 736 oblacione
608 670 709 736 sancti
732 667 895 756 Stephani.

303 776 370 829 Item
390 787 518 829 statutum
536 776 664 846 estquod
683 775 794 846 quilibet
812 774 933 827 ferrarius
951 773 1045 827 debeat
1063 773 1090 826 in
1113 785 1205 826 sancto
1232 773 1368 842 Stephano
1395 789 1433 825 ve-

268 864 326 917 nire
343 864 471 917 oblatum.
490 864 524 917 Et
541 864 587 934 qui
614 862 804 928 contrafecerit,
832 862 919 916 soluat
947 863 1065 915 bannum
1093 861 1239 915 solidorum
1271 860 1303 914 X.
1323 861 1434 932 papien-

268 953 347 1006 sium.
367 953 418 1021 (1).

272 1131 320 1197 13.
344 1110 394 1176 De
418 1106 560 1176 Consule
583 1109 638 1197 qui
662 1130 728 1174 non
751 1109 875 1174 venerit
899 1106 938 1174 ad
961 1105 1154 1194 Collegium.

303 1218 371 1270 Item
389 1227 517 1269 statutum
535 1227 574 1267 est
592 1215 663 1284 quod
682 1215 703 1266 si
724 1213 825 1268 Consul
845 1231 900 1266 non
919 1213 1020 1266 venerit
1032 1213 1064 1266 ad
1078 1213 1230 1282 Collegium
1248 1214 1436 1282 quocienscun-

267 1323 320 1376 que
338 1303 415 1357 fuerit
433 1302 572 1374 requisitus
591 1301 684 1356 Soluat
703 1303 821 1355 bannum
839 1301 987 1356 solidorum
1006 1301 1039 1365 X,
1058 1299 1108 1354 nisi
1119 1301 1239 1354 habuerit
1250 1301 1387 1356 licenciam
1402 1302 1436 1354 ab

267 1393 321 1448 alio
340 1391 466 1448 Consule.

272 1572 321 1636 14.
345 1549 394 1615 De
418 1547 585 1614 solucione
609 1547 726 1615 Corbe.

302 1655 369 1708 ltem
388 1665 516 1707 statutum
534 1665 573 1706 est
591 1653 662 1724 quod
681 1653 792 1724 quilibet
810 1652 930 1706 ferrarius
949 1653 994 1724 qui
1008 1665 1143 1706 mutuatus
1152 1652 1229 1706 fuerit
1243 1652 1359 1708 Cordem
1371 1655 1436 1724 (sic)

267 1744 360 1796 debeat
378 1744 440 1796 dare
458 1741 597 1795 denarium
615 1758 699 1795 vnum
717 1741 762 1796 Illi
781 1741 826 1812 qui
845 1741 960 1795 custodit
978 1759 1025 1812 pro
1044 1740 1161 1812 qualibet
1171 1741 1259 1795 Corbu
1271 1758 1353 1812 quam
1363 1759 1436 1796 men·

267 1829 365 1884 surabit
383 1829 416 1883 Et
434 1830 467 1882 de
486 1829 573 1882 media
592 1829 679 1882 Corbu
698 1828 780 1882 nichil
800 1829 855 1892 Qui
873 1829 974 1884 denarii
992 1841 1125 1900 ponantur
1142 1828 1171 1882 in
1190 1829 1318 1883 Comuni.

272 1989 320 2056 15.
344 1969 394 2035 De
423 1967 595 2036 Citatione.

303 2077 370 2130 Item
388 2087 516 2130 statutum
535 2087 561 2128 et
579 2075 731 2129 ordinatum
751 2088 790 2129 est
809 2076 890 2140 Quod
910 2092 1004 2130 omnes
1026 2077 1133 2146 Ferrarii
1155 2076 1188 2130 de
1206 2076 1258 2130 hoc
1276 2075 1436 2147 paratlcote

268 2179 380 2220 neantur
399 2177 425 2218 et
443 2165 555 2218 debeant
573 2163 663 2216 venire
681 2164 715 2217 ad
733 2164 888 2218 citationem
908 2164 1059 2218 Consulum
1079 2165 1265 2218 Ferrariorum.
1284 2164 1318 2218 Et
1335 2163 1380 2218 ille
1390 2165 1435 2234 qui

268 2271 323 2308 non
342 2254 442 2308 venerit
461 2265 605 2323 antequam
625 2252 726 2306 Consul
746 2253 885 2306 surrexerit
903 2253 936 2306 ad
955 2254 1158 2324 proponendum
1177 2269 1229 2324 que
1247 2252 1434 2306 uolueritSol-

269 2355 313 2396 uat
332 2343 450 2396 bannum
469 2357 516 2411 pro
535 2339 651 2411 qualibet
670 2341 729 2394 uice
747 2340 929 2412 Imperialium
947 2341 1004 2411 XlJ.
1024 2340 1188 2410 papiensium
1202 2341 1251 2393 nisi
1264 2341 1385 2394 habuerit
1398 2341 1435 2394 iu·

267 2442 335 2484 stam
354 2446 460 2482 causam
482 2445 527 2482 seu
547 2427 738 2482 defensionem.
757 2429 791 2482 Et
809 2429 855 2500 qui
885 2445 941 2482 non
973 2429 1076 2482 uenerit
1105 2429 1138 2482 ad
1169 2427 1323 2500 Collegium
1350 2428 1436 2482 soluat

269 2519 387 2572 bannum
405 2517 554 2571 solidorum
573 2515 605 2568 V.
624 2516 797 2587 papiensium.

273 2660 321 2725 16.
346 2657 395 2724 De
418 2659 600 2745 juramento
623 2655 777 2724 dexentis.

305 2763 374 2816 Item
393 2763 465 2834 quod
486 2761 617 2815 Consules
635 2762 680 2832 qui
700 2778 747 2831 pro
766 2761 928 2830 temporibus
948 2761 1043 2815 fuerint
1062 2774 1201 2815 teneantur
1219 2773 1245 2815 et
1263 2763 1374 2815 debeant
1394 2762 1434 2816 fa-

269 2868 327 2904 cere
346 2850 425 2920 jurari
445 2850 570 2902 dexentes
588 2849 712 2902 omnium
732 2849 910 2902 ferrariorum
928 2850 961 2902 de
980 2851 1031 2903 isto
1050 2850 1165 2920 paratico
1183 2849 1337 2903 saluetatem
1370 2851 1433 2904 Fer·

270 2939 398 2992 rariomm
417 2949 443 2990 et
461 2936 576 2990 aliorum
595 2937 737 2990 hominum
757 2937 790 2988 de
810 2937 918 3006 Bngella
932 2937 965 2990 de
975 2955 1068 2990 eorum
1078 2935 1166 2990 officio
1177 2937 1209 2990 Et
1219 2938 1264 3006 qul
1278 2939 1435 2992 recusauerit

270 3027 334 3079 illud
355 3026 439 3078 facere
458 3025 547 3078 nullus
566 3026 598 3078 de
618 3024 731 3094 ferrarijs
749 3036 869 3078 tenmtur
887 3025 911 3078 ei
930 3026 992 3078 dare
1011 3026 1126 3096 aliquem
1147 3025 1264 3076 lahorem
1284 3025 1434 3078 Consilium

269 3115 310 3169 uel
331 3117 467 3184 junensem
486 3115 519 3167 Et
536 3114 581 3166 ille
599 3131 662 3168 cum
680 3130 734 3184 quo
753 3125 831 3166 staret
849 3125 968 3167 tenentur
987 3115 1073 3183 ipsum
1092 3115 1125 3166 ab
1143 3131 1176 3164 co
1195 3113 1327 3182 repellere,
1347 3115 1433 3184 thui

269 3202 452 3256 contrafecerit
470 3202 564 3256 Soluat
583 3203 700 3256 bannum
720 3202 792 3254 dicto
810 3201 925 3272 paratico
943 3201 1089 3255 solidorum
1108 3202 1140 3255 ll.
1161 3201 1333 3272 papiensium.

274 3363 322 3428 17.
347 3343 396 3408 De
420 3341 585 3408 Electione
609 3339 800 3410 Consulum.

305 3449 371 3502 ltem
390 3449 462 3520 quod
482 3449 612 3501 Consules
630 3449 711 3501 veteri
730 3448 775 3519 qui
795 3465 843 3518 pro
861 3449 1024 3518 temporibus
1035 3449 1130 3502 fuerint
1140 3451 1435 3504 teneanturetdebeaut

270 3555 316 3606 per
333 3537 382 3590 XV
401 3539 456 3590 dits
476 3536 518 3590 uel
538 3537 605 3590 circa
624 3549 685 3590 ante
704 3537 800 3590 festum
830 3539 912 3590 sancti
941 3539 1046 3590 hlartiui
1075 3539 1212 3591 armuatim
1242 3539 1340 3608 eligere
1370 3541 1435 3592 alius

271 3624 409 3688 Consules,
428 3625 461 3678 Et
479 3625 524 3696 qui
545 3625 702 3679 recusauerit
721 3625 898 3680 Consulatum
917 3628 1030 3696 recipere
1049 3627 1141 3679 Soluat
1161 3628 1278 3680 bannum
1289 3628 1434 3682 solidomm

271 3711 350 3765 ΧΧΙί·
372 3713 536 3782 papiensium
557 3713 589 3765 Et
608 3724 698 3782 postet
717 3713 909 3766 nichilominus
927 3715 1027 3766 dictum
1047 3713 1222 3768 Consulatum
1242 3715 1355 3786 recipiat.

273 3853 322 3918 18.
347 3853 395 3918 De
420 3850 644 3918 inobedientia
669 3870 892 3939 preceptorum
915 3851 1105 3920 Consulum.

305 3957 375 4010 ltem
394 3959 438 4028 qui
459 3957 536 4011 fuerit
555 3957 712 4011 inobediens
731 3957 858 4028 preceptis
877 3959 1027 4011 Consulum
1047 3958 1225 4012 ferrariorum
1245 3959 1318 4013 factis
1331 3962 1398 4014 iuste
1410 3975 1435 4014 et

270 4045 459 4099 rationabiliter
477 4045 510 4100 ln
529 4045 581 4116 hijs
599 4039 660 4116 que?
671 4045 801 4116 pertinent
820 4047 852 4099 ad
871 4046 990 4100 officium
1009 4045 1113 4100 ferrarie
1132 4047 1222 4100 Solvat
1241 4049 1358 4101 bannum
1388 4067 1436 4118 pro

297 4217 323 4266 lt]
340 4217 394 4258 llem
409 4229 507 4258 statutum
522 4221 625 4270 repetitur,
642 4229 717 4258 uisitata
733 4220 864 4270 inscriptione
879 4219 918 4258 hiis
934 4219 1014 4258 verbis:
1038 4220 1062 4258 1).
1078 4219 1169 4260 ornatu·
1183 4235 1222 4258 curn
1243 4221 1289 4259 aliia.
1310 4219 1383 4260 -ftrm
1399 4231 1435 4259 rru-

270 4293 327 4324 rutam
341 4295 367 4326 err
380 4287 427 4340 qnod
439 4289 513 4340 quilibet
524 4287 618 4340 saturius
632 4287 694 4326 debeat
708 4301 748 4324 rum
763 4289 807 4326 aliia
822 4297 840 4325 ut
855 4297 879 4326 est
894 4291 949 4326 nrrtrt'r
965 4290 983 4325 in
1000 4299 1060 4326 inrecto
1073 4289 1162 4341 Stephano
1176 4291 1237 4328 reru're
1250 4291 1339 4329 ollarum.
1360 4291 1383 4330 lit
1406 4293 1436 4344 qui

270 4367 306 4394 m
320 4357 435 4396 metr
448 4356 473 4398 d
486 4356 605 4410 offerendum,
620 4357 679 4396 solut
693 4357 775 4396 bannum
787 4365 822 4411 pro
836 4359 912 4411 quolibet
926 4357 1025 4396 solidorum
1041 4357 1065 4398 Χ.
1078 4361 1204 4412 passionium.
