3958 5540
503 535 537 606 78

503 691 566 730 mr.
585 675 740 731 runnrcr
758 675 811 728 nn
827 674 982 730 srucrrs
999 674 1130 730 rnsrrs.
1150 675 1345 731 nccrnxrrs.
1366 677 1502 732 sannis.

575 763 792 819 culinaram.
812 763 862 817 ιι·
877 763 1127 819 uosrrrrrr.1
1101 765 1144 834 (1)

537 871 564 941 1)
583 871 628 925 XI.
638 870 870 926 Iurantesetblasf
866 884 985 925 emantes
993 872 1107 942 yhesunr
1119 883 1145 925 et
1154 872 1222 926 altos
1230 885 1335 926 muetos
1344 875 1386 926 der
1396 875 1508 945 qualiter
1517 889 1667 946 puniantur

535 961 564 1028 2)
583 960 640 1014 XII.
660 959 766 1022 Quibus
785 959 968 1014 lestiuitatibus
987 959 1020 1013 sit
1039 959 1202 1030 prohibitum
1221 960 1347 1015 laborare.
1374 962 1401 1015 V.
1421 979 1463 1032 74
1482 964 1525 1032 87.

536 1047 563 1118 3)
583 1047 653 1101 XIII
672 1049 852 1102 Ascendentes
870 1047 977 1101 eclesias
995 1047 1107 1118 qualiter
1126 1048 1277 1118 puniantur.
1300 1050 1327 1102 V.
1347 1051 1389 1120 83.
1409 1051 1451 1116 84.
1472 1051 1514 1120 85.

533 1137 563 1204 4)
581 1135 664 1190 ΧΙΙΗ.
683 1135 726 1189 Ad
744 1153 797 1206 que
814 1135 879 1190 festa
897 1147 923 1189 et
942 1135 1047 1206 uigilias
1066 1137 1214 1206 prohibitus
1232 1137 1266 1190 sit
1284 1154 1409 1191 accessus.
1434 1139 1461 1192 V.
1482 1153 1523 1208 72.

503 1225 547 1293 (75
550 1224 563 1294 )
580 1224 639 1278 XV.
658 1225 709 1278 Per
725 1241 793 1296 quos
812 1236 838 1278 et
855 1224 901 1295 qui
920 1223 1051 1295 eligantur
1068 1223 1190 1278 offitiales
1208 1225 1336 1278 confrarie
1355 1239 1381 1279 et
1398 1225 1466 1280 inira
1483 1229 1555 1298 quod
1565 1241 1668 1300 tempus

643 1326 670 1366 et
687 1313 799 1384 qualiter
817 1312 948 1366 rationem
966 1314 1014 1366 sub
1033 1329 1100 1382 pena
1120 1313 1227 1366 reddere
1245 1327 1391 1368 teneantur.
1415 1316 1442 1368 V.
1461 1317 1504 1371 68.

502 1399 563 1473 (76)
582 1401 652 1456 XVI.
672 1401 747 1464 Quid
765 1399 907 1454 confratres
925 1413 951 1454 et
969 1402 1076 1471 quando
1094 1401 1198 1455 soluere
1216 1413 1355 1456 teneantur
1373 1416 1399 1456 et
1418 1421 1484 1476 pena
1504 1423 1559 1460 non
1577 1418 1666 1460 atten-

643 1489 765 1544 dentium
784 1506 831 1559 pro
850 1502 879 1541 ut
896 1490 1001 1542 debent
1024 1489 1051 1542 V.
1071 1488 1113 1543 68.

504 1577 564 1646 (77)
583 1577 667 1632 XVII.
685 1578 758 1630 Pena
775 1575 954 1630 recusantium
971 1576 1087 1630 offitium
1106 1577 1242 1632 confrarie.
1266 1578 1346 1633 V.68.

501 1667 564 1736 (78)
582 1665 679 1720 XVIII.
698 1664 755 1727 Qui
773 1664 888 1719 alienam
916 1663 1074 1719 confrariam
1102 1666 1238 1720 intrauerit
1265 1666 1293 1720 in
1312 1667 1418 1740 bugella
1445 1681 1500 1722 tam
1520 1686 1601 1740 quarn
1622 1669 1665 1741 aiij

642 1752 785 1808 confratres
802 1753 906 1808 soluere
924 1763 1051 1806 teneatur.
1074 1753 1102 1806 V.
1120 1753 1164 1808 68.

502 1843 563 1914 (79)
581 1842 690 1898 XVIIII
709 1843 781 1896 Pena
800 1841 951 1896 offitialium
970 1855 1091 1896 ueterum
1111 1842 1240 1896 confrarie
1267 1861 1323 1898 non
1351 1845 1569 1917 consignantium
1588 1848 1667 1902 nouis

643 1942 721 2002 prout
739 1941 870 1984 tenentur.
894 1930 921 1983 V.
940 1930 983 1985 68.

501 2019 562 2091 (80)
581 2019 640 2074 XX
659 2019 716 2082 Qui
734 2018 851 2074 comedit
868 2019 901 2072 ad
920 2017 1078 2073 confrariam
1096 2019 1229 2090 puniatur,
1243 2036 1305 2074 cum
1318 2020 1346 2075 in
1365 2039 1395 2075 ea
1414 2037 1470 2076 non
1488 2022 1522 2077 sit
1540 2037 1666 2094 receptus.

647 2109 675 2162 V.
693 2109 736 2164 68.

504 873 532 942 (7

504 961 532 1028 (7

503 1048 532 1116 (ι

503 1137 531 1204 (ι

501 2195 561 2267 (81)
581 2196 651 2251 XXI.
671 2197 743 2250 Pena
761 2196 855 2267 prioris
873 2211 929 2250 non
947 2196 1062 2250 redentis
1080 2196 1211 2250 rationem
1235 2209 1262 2250 et
1279 2213 1334 2252 non
1363 2199 1523 2253 restituentis
1550 2199 1666 2254 clauario

641 2284 709 2339 infra
727 2297 831 2354 tempus
849 2285 921 2355 quod
940 2284 1075 2338 habundat
1093 2285 1126 2338 de
1144 2286 1316 2354 prouentibus
1334 2286 1402 2340 ultra
1419 2299 1548 2357 sumptus
1572 2288 1599 2341 V.
1618 2288 1661 2342 68.

500 2373 561 2443 (82)
579 2373 662 2428 XXII.
681 2371 752 2426 infra
769 2374 842 2444 quod
869 2385 974 2442 tempus
1000 2384 1120 2425 tencatur
1146 2373 1205 2442 quis
1232 2390 1365 2428 resumere
1392 2374 1508 2428 offitium
1526 2376 1666 2430 confrarie.

499 2549 559 2619 (83)
578 2549 674 2602 XXIII.
693 2549 765 2602 Pena
783 2549 904 2602 euntium
924 2564 971 2617 pro
989 2565 1058 2618 pane
1076 2548 1214 2601 benedicto
1233 2567 1248 2601 a
1267 2563 1339 2619 parte
1356 2551 1492 2620 superiori.
1516 2553 1543 2604 V.
1564 2567 1606 2621 73.

498 2639 559 2708 (84)
577 2637 686 2691 XXIIII.
705 2637 777 2690 Pena
796 2635 946 2690 latierrtium
965 2653 1100 2689 rumorem
1120 2636 1163 2689 uel
1190 2637 1343 2690 scandalum
1372 2655 1433 2691 cum
1461 2640 1553 2692 diuina
1579 2641 1662 2694 offitia

641 2725 813 2778 celebrantur.
838 2725 864 2776 V.
885 2739 927 2794 73.

499 2815 559 2884 (85)
577 2814 661 2868 XXV.
681 2813 753 2866 Pena
771 2828 865 2866 eorum
892 2813 938 2883 qui
965 2829 1021 2865 non
1049 2813 1150 2866 uadunt
1168 2814 1200 2867 ad
1219 2826 1333 2885 quatuor
1360 2815 1476 2886 psalmos
1493 2815 1665 2886 solempniter

640 2901 784 2956 ordinatos.
807 2900 835 2953 V.
855 2915 897 2969 73.

498 2989 558 3061 (86)
577 2990 673 3043 XXVI.
693 2990 757 3052 Quo
776 3000 895 3059 ternpore
914 2988 1068 3058 recipientes
1087 2989 1217 3042 rationem
1227 2990 1363 3060 hospitalis
1376 2991 1428 3044 sint
1441 2989 1565 3062 eligendi
1583 2993 1610 3046 V.
1624 2993 1663 3046 18

639 3078 761 3143 88124.

497 3166 558 3236 (87)
576 3166 685 3220 XXVII.
704 3166 746 3218 De
764 3165 859 3236 quibus
877 3165 1062 3219 lestiuitatibus
1081 3183 1136 3218 nnn
1155 3165 1216 3219 licet
1229 3166 1381 3220 consulibus
1400 3167 1461 3220 dare
1476 3164 1610 3221 licentiam
1629 3169 1664 3222 la·

638 3254 758 3308 borandi.
782 3253 809 3306 V.
830 3269 872 3323 72

497 3343 545 3412 (88
546 3343 559 3412 )
529 3342 699 3396 8XXVIII.
718 3343 875 3396 Contractus
894 3344 938 3414 qui
958 3360 1003 3413 per
1022 3343 1173 3396 ministrum
1192 3355 1218 3395 et
1231 3343 1320 3395 iratres
1339 3343 1508 3413 hospitalis'
1489 3361 1546 3397 srne
1558 3344 1663 3397 licentia

638 3432 780 3485 consulum
799 3431 854 3484 fieri
872 3431 1054 3501 prohibentur.
1077 3431 1104 3483 V.
1124 3430 1166 3484 86.

496 3521 557 3591 (89)
577 3520 697 3574 consular
714 3521 792 3572 vetera·
809 3519 858 3572 sibi
866 3519 1033 3590 fierijocionl
1045 3520 1167 3572 rationem
1179 3519 1304 3590 confraria
1314 3521 1465 3592 perjurium
1480 3520 1662 3574 ‘Berloldanum

638 3614 660 3660 el
677 3607 749 3660 alios.
774 3607 800 3660 V.
820 3606 863 3660 68.

495 3696 556 3766 (90)
574 3696 671 3750 XXIX.
690 3695 762 3748 Pena
781 3711 836 3748 non
855 3695 975 3748 dantium
994 3695 1153 3750 confrariam
1171 3695 1237 3749 hora
1256 3695 1332 3748 tertie
1348 3707 1374 3748 et
1392 3713 1420 3749 se
1438 3713 1493 3749 non
1513 3709 1663 3766 presentan-

637 3785 706 3838 tium
724 3784 793 3836 dicta
811 3783 877 3836 hora
900 3783 926 3837 V.
946 3783 988 3838 68.

496 3872 556 3942 (91)
575 3872 658 3926 XXX.
678 3873 750 3926 Pena
768 3883 965 3924 sorestanorum
982 3889 1039 3925 nou
1058 3871 1222 3927 soluentium
1241 3873 1321 3943 priori
1340 3884 1366 3926 et
1385 3873 1478 3943 prioris
1490 3889 1546 3928 non
1558 3870 1661 3926 soluen-

636 3960 670 4014 tis
689 3959 861 4013 creditoribus
879 3958 946 4013 infra
965 3973 1077 4030 tempus.
1102 3961 1128 4014 V.
1148 3961 1191 4014 68.

495 4048 556 4118 (92)
574 4047 670 4101 XXXI.
690 4047 812 4111 Qualiter
830 4048 951 4102 consules
969 4060 996 4100 et
1022 4049 1094 4118 prior
1119 4061 1259 4102 teneantur
1285 4062 1366 4103 terras
1393 4061 1419 4102 et
1446 4050 1505 4102 iura
1533 4048 1662 4104 cunirarie

637 4136 794 4206 consignare
813 4148 839 4189 et
857 4135 941 4190 lacere
959 4135 1118 4206 consignari.
1148 4136 1175 4189 V.
1194 4135 1236 4190 68.

521 4377 553 4432 (ι)
568 4378 591 4418 ln
605 4379 716 4433 repertorio
731 4379 807 4419 codicis
821 4379 870 4420 baec
885 4379 963 4420 rubrica
977 4380 1040 4420 deest.
