3926 5542
1400 545 1448 600 157

321 661 360 714 18.
379 659 484 714 Mutant
502 669 615 712 mercata
637 669 769 728 quantum
787 655 820 710 ad
839 655 894 710 dies
916 667 941 708 et
960 655 1026 710 loca.

318 747 449 871 qurgqsdet
467 746 599 801 nundinas
627 745 754 808 indicunt,
782 743 811 796 in
838 743 876 796 eis
903 742 980 797 iudos
1009 755 1036 798 et
1053 741 1105 796 alia
1132 743 1303 798 concedendo
1321 755 1347 798 et
1365 743 1449 798 eciam

281 834 359 888 prot
393 835 411 870 n
431 833 456 870 0.

319 920 359 974 19.
379 903 479 958 Gentes
497 904 534 956 eis
552 915 683 972 suspectas
702 879 799 956 terram
818 900 922 972 ingredi
942 915 998 954 uon
1021 901 1184 970 permittunt

317 1007 359 1047 20.
379 991 485 1046 Tenent
503 991 590 1045 claues
608 1003 755 1060 portatum.

316 1079 451 1150 Tempore
469 1080 556 1132 obitus
575 1078 689 1148 episcopi
708 1077 846 1131 traduntur
863 1077 901 1130 eis
923 1076 1028 1142 claues3
1047 1089 1073 1130 et
1091 1076 1210 1130 custodis
1228 1077 1304 1130 castri
1323 1093 1385 1130 curn
1399 1075 1448 1130 cln-

281 1169 358 1222 uibus
377 1185 441 1239 quas
459 1167 537 1222 habet
556 1167 692 1236 episcopus
711 1166 744 1219 de
762 1165 882 1235 qualibet
901 1177 975 1235 porta
993 1164 1079 1234 placij.

318 1271 359 1310 21.
378 1256 429 1309 Per
447 1254 631 1308 vicecomitem
643 1266 669 1306 et
679 1265 807 1306 rectorem
820 1252 923 1308 domini
936 1253 1052 1322 episcopi
1068 1253 1096 1306 in
1110 1251 1214 1323 plathee
1227 1251 1349 1306 comunis
1361 1251 1447 1322 pionii,

281 1355 307 1398 et
324 1359 380 1396 non
399 1342 461 1396 alibi
480 1341 625 1411 temporale
647 1341 766 1410 regimen
786 1340 870 1393 tocius
890 1351 957 1392 terre
975 1339 1083 1393 ecclesie
1102 1351 1244 1404 exercetur,
1256 1351 1283 1392 et
1295 1339 1331 1392 sic
1344 1355 1447 1409 semper

281 1431 310 1484 iu
328 1430 449 1483 ciuilibus
467 1441 494 1482 et
512 1429 666 1482 criminibus
685 1427 783 1480 exstitit
811 1428 989 1480 obseruatum.
1018 1427 1124 1496 Exeptis
1151 1425 1248 1480 uilibus
1274 1426 1384 1490 casibus,
1403 1425 1446 1496 (1)

281 1533 332 1588 que
350 1517 450 1570 solidos
468 1516 501 1579 V,
521 1516 656 1586 papienses
675 1532 730 1568 non
750 1515 887 1567 excedunt
916 1516 958 1567 De
985 1514 1080 1584 quibus
1099 1513 1241 1578 castellani,
1261 1513 1399 1578 Consules,
1417 1525 1444 1567 et

282 1601 399 1658 Gastaldi
418 1604 446 1656 in
464 1602 518 1656 suis
536 1602 601 1656 locis
619 1612 815 1656 consueuerunt
833 1601 964 1654 iusticiam
982 1618 1109 1655 exercere.

316 1691 394 1744 Extta
413 1691 502 1744 locum
521 1689 626 1761 bugelle
644 1707 690 1759 per
716 1691 816 1742 curiam
844 1689 958 1759 episcopi
986 1689 1014 1741 in
1033 1688 1131 1742 iudicio
1159 1704 1214 1742 non
1233 1689 1380 1754 trahuntur,
1399 1689 1444 1742 sed

283 1778 320 1830 ibi
339 1779 436 1832 debent
454 1789 558 1830 tanturn
577 1791 603 1830 et
621 1793 676 1830 non
696 1777 759 1830 alibi
778 1777 943 1845 respondere.

317 1878 360 1918 22.
379 1865 524 1934 Episcopus
542 1864 622 1918 soluit
640 1865 678 1916 eis
697 1863 872 1933 pascherium,
891 1879 984 1916 eorum
1012 1862 1121 1932 alpium,
1135 1879 1182 1932 pro
1200 1861 1254 1916 suis
1272 1863 1369 1934 bestiis,
1380 1879 1444 1934 ques

281 1951 314 2005 ad
332 1951 401 2022 ipsas
420 1952 501 2006 mittit
519 1953 551 2005 ad
571 1952 738 2022 pascendum.

223 2105 226 2114 .
316 2049 357 2108 23¹.
378 2039 490 2111 Aliquos
509 2039 686 2109 priuillegiure
705 2055 759 2092 uon
779 2038 918 2092 consueuit
936 2039 964 2090 in
980 2037 1125 2108 preiudicio
1137 2037 1302 2092 eommdem.

317 2141 358 2192 24.
378 2127 469 2180 Portus
489 2127 599 2190 uernati,
617 2127 699 2197 glarie
718 2139 744 2180 et
762 2127 874 2180 andumi
893 2125 954 2180 iacit
972 2125 999 2178 iu
1019 2125 1103 2195 plocio
1122 2125 1257 2179 custodiri.

317 2229 358 2282 ²5·
379 2213 490 2268 Terram
509 2213 614 2284 bugelle
632 2215 665 2268 ad
683 2231 777 2268 eorum
796 2213 996 2284 requisitionem
1016 2229 1062 2282 per
1089 2213 1155 2266 aiios
1182 2213 1215 2266 de
1242 2225 1309 2266 terra
1336 2211 1445 2268 ecclesie

280 2301 367 2356 claudi
386 2301 455 2367 iacit,
474 2301 556 2356 muris
575 2313 602 2356 et
620 2301 749 2370 sortiiicijs
768 2301 914 2372 oportunis.

317 2389 358 2444 26.
377 2389 494 2461 Exigunt
512 2391 599 2443 banns
617 2390 650 2443 ab
669 2389 824 2443 hominibus
843 2387 956 2460 bugelle,
969 2389 1054 2442 eciam
1072 2399 1146 2441 extra
1164 2401 1261 2442 terrant
1279 2387 1385 2460 bugelle
1402 2389 1445 2442 de·

279 2475 465 2548 linquentibus.

312 2580 353 2632 ²7·
372 2563 480 2618 Patroni
498 2575 559 2618 sunt
577 2563 722 2632 hospitalis,
741 2576 767 2617 et
786 2563 885 2634 tegitur
903 2563 1042 2618 uoluntate
1077 2575 1104 2618 et
1132 2563 1260 2618 conscilio
1286 2566 1441 2620 eorundem

278 2652 405 2706 Vendunt
422 2663 448 2706 et
467 2651 556 2706 locant
575 2663 654 2705 terras
672 2667 740 2706 suas.
759 2651 792 2706 Et
810 2651 931 2705 minister
948 2651 1034 2706 reddit
1059 2651 1098 2706 eis
1116 2653 1248 2706 rationem
1267 2653 1343 2706 omni
1361 2669 1441 2708 anno.

312 2740 387 2794 idern
405 2741 433 2794 in
451 2737 588 2794 confraria,

314 2829 355 2882 28.
375 2828 487 2883 Canale
505 2839 531 2882 et
550 2827 602 2882 alie
620 2843 747 2898 expensse
765 2827 841 2898 rugie
858 2843 907 2898 pro
925 2827 1067 2882 medietate
1084 2829 1222 2900 episcopus
1241 2829 1309 2884 iacit

316 2917 357 2970 De
375 2917 450 2987 rugia
468 2933 497 2970 se
515 2931 571 2969 non
590 2915 745 2970 intromittis
763 2917 813 2969 nisi
833 2931 881 2986 pro
899 2932 948 2970 suo
968 2929 1042 2986 prato
1060 2929 1087 2970 et
1105 2917 1270 2971 molendino.

315 3003 432 3074 Capiunt
450 3015 476 3056 et
494 3001 618 3058 diuidunt
636 3002 740 3072 rugiam
759 3003 787 3056 in
806 3001 889 3057 lundo
909 3001 1057 3056 molendini
1076 3019 1138 3056 eum
1157 3003 1256 3058 familia
1274 3005 1398 3075 episcopi.

316 3105 356 3160 29.
377 3091 429 3144 Pro
447 3091 527 3144 annis
545 3089 588 3143 uel
608 3089 723 3144 bannitis
742 3091 859 3162 receptis,
878 3107 933 3144 non
953 3091 1071 3160 procedit
1088 3103 1179 3145 eontra
1196 3109 1251 3145 eos.

315 3192 354 3246 30.
374 3178 462 3232 Sulcis
479 3176 565 3248 oclepi
592 3177 658 3248 pmti
687 3177 791 3232 domini
818 3178 932 3248 episcopi
960 3189 1070 3232 utuntur
1097 3179 1129 3232 ad
1158 3195 1251 3233 corum
1279 3193 1350 3250 prata
1378 3197 1440 3236 cum

275 3267 379 3337 expedit
397 3267 537 3336 irriganda.

312 3370 353 3422 3¹·
372 3355 414 3408 De
432 3353 640 3424 possessionibus
659 3353 735 3424 plocij
755 3369 816 3407 cum
836 3353 957 3424 pendinis
976 3354 1120 3426 disponunt
1132 3371 1179 3426 pro
1198 3355 1274 3409 libito
1287 3355 1439 3420 uoluntatis,

275 3453 303 3494 et
321 3442 358 3495 eis
376 3441 514 3512 episcopus
532 3441 614 3496 nichil
634 3443 709 3512 capit.

312 3543 352 3598 32·
372 3530 413 3583 De
431 3546 499 3600 aqua
517 3547 616 3601 europe
633 3531 741 3600 capiunt
760 3546 807 3600 pro
826 3546 919 3585 eorum
939 3530 1017 3601 pratis
1035 3543 1062 3585 et
1079 3531 1139 3602 alijs
1157 3533 1303 3602 oportunis.

312 3631 353 3686 33.
372 3618 481 3672 Ponunt
499 3617 605 3672 dacium
623 3618 688 3682 uini,
707 3617 847 3688 gabellum,
865 3630 893 3672 ct
910 3618 973 3673 elias
992 3619 1122 3684 collectas,
1134 3631 1161 3673 et
1178 3637 1272 3674 eorum
1285 3633 1437 3692 prouentus,

275 3703 302 3758 in
321 3720 466 3758 comunem
485 3705 626 3758 utilitatem
644 3717 811 3758 conuertunt
846 3763 854 3782 ·

311 3805 352 3860 34
371 3791 499 3846 Vendunt
516 3791 633 3856 maulim,
651 3809 748 3863 aquam
766 3793 844 3856 sarni,
863 3805 888 3846 et
907 3793 1051 3862 pluuialem
1070 3810 1118 3864 pro
1136 3794 1212 3848 libito
1231 3795 1383 3850 uoluntatis

311 3893 352 3948 35.
371 3879 543 3934 Pascherium
561 3879 659 3934 habent
677 3881 705 3934 in
725 3881 848 3934 maasia
866 3893 893 3934 et
911 3883 1118 3936 comunitatibus
1136 3883 1246 3936 uernnti.

311 3965 351 4036 36.
370 3967 459 4020 Nicbil
478 3967 586 4022 soluunt
604 3968 637 4022 de
655 3969 729 4022 terris
748 3967 905 4022 alodialibus
922 3985 987 4039 quas
1011 3971 1146 4040 possident
1164 3971 1192 4024 in
1212 3983 1329 4024 uemato.

311 4068 351 4124 37.
371 4053 493 4108 Ciuiliter
510 4055 625 4125 puniunt
642 4055 825 4126 delinquentes
843 4057 870 4109 in
890 4057 1003 4126 bugella

309 4141 443 4196 facientes
461 4144 625 4213 sorapresias‚
643 4160 689 4196 seu
708 4155 866 4214 occupantes
884 4157 983 4208 stratas,
994 4157 1020 4198 et
1032 4157 1129 4198 terram
1148 4145 1211 4200 dicti
1232 4147 1364 4200 comunis.

312 4229 351 4296 38.
373 4229 518 4302 Episcopus
528 4247 583 4285 non
593 4231 662 4302 capit
671 4231 704 4284 de
713 4247 823 4285 nemore
833 4231 937 4304 bugelle
946 4233 996 4286 nisi
1005 4249 1067 4286 cum
1077 4233 1246 4288 disbendatut
1255 4251 1301 4306 per
1312 4251 1434 4290 comune.

301 4365 329 4420 (ι)
347 4365 428 4408 &ut
