<?xml version="1.0" encoding="UTF-8"?>
<!DOCTYPE html PUBLIC "-//W3C//DTD XHTML 1.0 Transitional//EN"
    "http://www.w3.org/TR/xhtml1/DTD/xhtml1-transitional.dtd">
<html xmlns="http://www.w3.org/1999/xhtml" xml:lang="en" lang="en">
 <head>
  <title>
</title>
<meta http-equiv="Content-Type" content="text/html;charset=utf-8" />
  <meta name='ocr-system' content='tesseract 3.04.00' />
  <meta name='ocr-capabilities' content='ocr_page ocr_carea ocr_par ocr_line ocrx_word'/>
</head>
<body>
  <div class='ocr_page' id='page_1' title='image "./statutacomunisb00sellgoog_0210.png"; bbox 0 0 3926 5542; ppageno 0'>
   <div class='ocr_carea' id='block_1_1' title="bbox 1415 499 1462 553">
    <p class='ocr_par' dir='ltr' id='par_1_1' title="bbox 1415 499 1462 553">
     <span class='ocr_line' id='line_1_1' title="bbox 1415 499 1462 553; baseline -0.064 0"><span class='ocrx_word' id='word_1_1' title='bbox 1415 499 1462 553; x_wconf 84' lang='lat'>¹75</span> 
     </span>
    </p>
   </div>
   <div class='ocr_carea' id='block_1_2' title="bbox 300 607 1466 1206">
    <p class='ocr_par' dir='ltr' id='par_1_2' title="bbox 300 607 1466 1206">
     <span class='ocr_line' id='line_1_2' title="bbox 302 607 1465 680; baseline -0.002 -16"><span class='ocrx_word' id='word_1_2' title='bbox 302 611 447 679; x_wconf 84' lang='lat' dir='ltr'>percusserit</span> <span class='ocrx_word' id='word_1_3' title='bbox 457 623 520 664; x_wconf 91' lang='lat' dir='ltr'>tunc</span> <span class='ocrx_word' id='word_1_4' title='bbox 529 625 597 680; x_wconf 87' lang='lat' dir='ltr'>pena</span> <span class='ocrx_word' id='word_1_5' title='bbox 606 621 765 664; x_wconf 88' lang='lat' dir='ltr'>statutonsrn</span> <span class='ocrx_word' id='word_1_6' title='bbox 774 609 882 663; x_wconf 80' lang='lat' dir='ltr'>inferius</span> <span class='ocrx_word' id='word_1_7' title='bbox 891 611 924 662; x_wconf 84' lang='lat' dir='ltr'>de</span> <span class='ocrx_word' id='word_1_8' title='bbox 934 608 1138 678; x_wconf 87' lang='lat' dir='ltr'>procuxionibus</span> <span class='ocrx_word' id='word_1_9' title='bbox 1145 607 1365 680; x_wconf 88' lang='lat' dir='ltr'>(a)loquencium</span> <span class='ocrx_word' id='word_1_10' title='bbox 1374 619 1465 662; x_wconf 79' lang='lat' dir='ltr'>contra</span> 
     </span>
     <span class='ocr_line' id='line_1_3' title="bbox 301 695 1462 768; baseline -0.002 -18"><span class='ocrx_word' id='word_1_11' title='bbox 301 698 389 768; x_wconf 89' lang='lat' dir='ltr'>ipsum</span> <span class='ocrx_word' id='word_1_12' title='bbox 407 698 561 767; x_wconf 79' lang='lat' dir='ltr'>duplicetur.</span> <span class='ocrx_word' id='word_1_13' title='bbox 580 698 608 750; x_wconf 90' lang='lat' dir='ltr'>Si</span> <span class='ocrx_word' id='word_1_14' title='bbox 628 713 692 750; x_wconf 82' lang='lat' dir='ltr'>uero</span> <span class='ocrx_word' id='word_1_15' title='bbox 711 697 823 750; x_wconf 88' lang='lat' dir='ltr'>insultus</span> <span class='ocrx_word' id='word_1_16' title='bbox 842 695 887 750; x_wconf 87' lang='lat' dir='ltr'>liat</span> <span class='ocrx_word' id='word_1_17' title='bbox 905 696 967 750; x_wconf 89' lang='lat' dir='ltr'>alibi</span> <span class='ocrx_word' id='word_1_18' title='bbox 986 713 1066 767; x_wconf 86' lang='lat' dir='ltr'>quam</span> <span class='ocrx_word' id='word_1_19' title='bbox 1080 697 1112 749; x_wconf 90' lang='lat' dir='ltr'>ad</span> <span class='ocrx_word' id='word_1_20' title='bbox 1125 697 1238 750; x_wconf 90' lang='lat' dir='ltr'>domurn</span> <span class='ocrx_word' id='word_1_21' title='bbox 1251 697 1332 750; x_wconf 86' lang='lat' dir='ltr'>etiam</span> <span class='ocrx_word' id='word_1_22' title='bbox 1345 695 1462 750; x_wconf 85' lang='lat' dir='ltr'>insultari</span> 
     </span>
     <span class='ocr_line' id='line_1_4' title="bbox 301 785 1464 856; baseline 0 -18"><span class='ocrx_word' id='word_1_23' title='bbox 301 799 327 838; x_wconf 90' lang='lat' dir='ltr'>et</span> <span class='ocrx_word' id='word_1_24' title='bbox 345 803 425 856; x_wconf 87' lang='lat' dir='ltr'>quarn</span> <span class='ocrx_word' id='word_1_25' title='bbox 444 787 472 838; x_wconf 93' lang='lat' dir='ltr'>in</span> <span class='ocrx_word' id='word_1_26' title='bbox 491 786 555 838; x_wconf 89' lang='lat' dir='ltr'>locis</span> <span class='ocrx_word' id='word_1_27' title='bbox 574 797 600 838; x_wconf 91' lang='lat' dir='ltr'>et</span> <span class='ocrx_word' id='word_1_28' title='bbox 618 786 780 854; x_wconf 78' lang='lat' dir='ltr'>temporibus</span> <span class='ocrx_word' id='word_1_29' title='bbox 799 785 997 854; x_wconf 84' lang='lat' dir='ltr'>comprehensis</span> <span class='ocrx_word' id='word_1_30' title='bbox 1015 785 1043 838; x_wconf 88' lang='lat' dir='ltr'>in</span> <span class='ocrx_word' id='word_1_31' title='bbox 1061 797 1159 837; x_wconf 86' lang='lat' dir='ltr'>statuto</span> <span class='ocrx_word' id='word_1_32' title='bbox 1178 785 1211 837; x_wconf 87' lang='lat' dir='ltr'>de</span> <span class='ocrx_word' id='word_1_33' title='bbox 1225 785 1404 855; x_wconf 79' lang='lat' dir='ltr'>duplicatione</span> <span class='ocrx_word' id='word_1_34' title='bbox 1422 801 1464 854; x_wconf 83' lang='lat' dir='ltr'>pe·</span> 
     </span>
     <span class='ocr_line' id='line_1_5' title="bbox 300 871 1465 944; baseline 0 -18"><span class='ocrx_word' id='word_1_35' title='bbox 300 891 395 927; x_wconf 88' lang='lat' dir='ltr'>narum</span> <span class='ocrx_word' id='word_1_36' title='bbox 415 873 540 944; x_wconf 86' lang='lat' dir='ltr'>loquente</span> <span class='ocrx_word' id='word_1_37' title='bbox 558 875 682 942; x_wconf 82' lang='lat' dir='ltr'>puniatur</span> <span class='ocrx_word' id='word_1_38' title='bbox 700 873 828 926; x_wconf 88' lang='lat' dir='ltr'>insultans</span> <span class='ocrx_word' id='word_1_39' title='bbox 847 873 867 926; x_wconf 89' lang='lat' dir='ltr'>si</span> <span class='ocrx_word' id='word_1_40' title='bbox 887 873 944 926; x_wconf 90' lang='lat' dir='ltr'>sine</span> <span class='ocrx_word' id='word_1_41' title='bbox 962 873 1043 926; x_wconf 80' lang='lat' dir='ltr'>amris</span> <span class='ocrx_word' id='word_1_42' title='bbox 1062 871 1145 924; x_wconf 87' lang='lat' dir='ltr'>factus</span> <span class='ocrx_word' id='word_1_43' title='bbox 1164 871 1242 925; x_wconf 83' lang='lat' dir='ltr'>suerit</span> <span class='ocrx_word' id='word_1_44' title='bbox 1260 872 1382 936; x_wconf 90' lang='lat' dir='ltr'>insultus,</span> <span class='ocrx_word' id='word_1_45' title='bbox 1393 872 1422 926; x_wconf 85' lang='lat' dir='ltr'>ln</span> <span class='ocrx_word' id='word_1_46' title='bbox 1436 872 1465 926; x_wconf 94' lang='lat' dir='ltr'>li-</span> 
     </span>
     <span class='ocr_line' id='line_1_6' title="bbox 301 959 1466 1032; baseline -0.001 -17"><span class='ocrx_word' id='word_1_47' title='bbox 301 961 354 1015; x_wconf 88' lang='lat' dir='ltr'>bris</span> <span class='ocrx_word' id='word_1_48' title='bbox 371 961 454 1016; x_wconf 89' lang='lat' dir='ltr'>tribus</span> <span class='ocrx_word' id='word_1_49' title='bbox 472 961 644 1032; x_wconf 82' lang='lat' dir='ltr'>papiensium.</span> <span class='ocrx_word' id='word_1_50' title='bbox 656 961 682 1014; x_wconf 92' lang='lat' dir='ltr'>Si</span> <span class='ocrx_word' id='word_1_51' title='bbox 703 973 791 1014; x_wconf 90' lang='lat' dir='ltr'>autem</span> <span class='ocrx_word' id='word_1_52' title='bbox 810 977 872 1015; x_wconf 87' lang='lat' dir='ltr'>cum</span> <span class='ocrx_word' id='word_1_53' title='bbox 890 961 970 1014; x_wconf 88' lang='lat' dir='ltr'>annis</span> <span class='ocrx_word' id='word_1_54' title='bbox 988 960 1016 1014; x_wconf 89' lang='lat' dir='ltr'>in</span> <span class='ocrx_word' id='word_1_55' title='bbox 1036 960 1107 1012; x_wconf 92' lang='lat' dir='ltr'>libris</span> <span class='ocrx_word' id='word_1_56' title='bbox 1124 960 1225 1024; x_wconf 86' lang='lat' dir='ltr'>decem,</span> <span class='ocrx_word' id='word_1_57' title='bbox 1239 960 1412 1030; x_wconf 78' lang='lat' dir='ltr'>papiensium.</span> <span class='ocrx_word' id='word_1_58' title='bbox 1425 959 1466 1014; x_wconf 89' lang='lat' dir='ltr'>ln-</span> 
     </span>
     <span class='ocr_line' id='line_1_7' title="bbox 301 1047 1463 1120; baseline 0 -18"><span class='ocrx_word' id='word_1_59' title='bbox 301 1066 378 1120; x_wconf 90' lang='lat' dir='ltr'>super</span> <span class='ocrx_word' id='word_1_60' title='bbox 396 1049 558 1120; x_wconf 84' lang='lat' dir='ltr'>intelligatur</span> <span class='ocrx_word' id='word_1_61' title='bbox 574 1063 705 1120; x_wconf 86' lang='lat' dir='ltr'>quantum</span> <span class='ocrx_word' id='word_1_62' title='bbox 723 1049 755 1102; x_wconf 89' lang='lat' dir='ltr'>ad</span> <span class='ocrx_word' id='word_1_63' title='bbox 775 1066 880 1120; x_wconf 78' lang='lat' dir='ltr'>presens</span> <span class='ocrx_word' id='word_1_64' title='bbox 898 1061 1026 1102; x_wconf 86' lang='lat' dir='ltr'>statutum</span> <span class='ocrx_word' id='word_1_65' title='bbox 1044 1061 1070 1101; x_wconf 90' lang='lat' dir='ltr'>et</span> <span class='ocrx_word' id='word_1_66' title='bbox 1088 1065 1144 1100; x_wconf 91' lang='lat' dir='ltr'>non</span> <span class='ocrx_word' id='word_1_67' title='bbox 1163 1064 1217 1118; x_wconf 93' lang='lat' dir='ltr'>quo</span> <span class='ocrx_word' id='word_1_68' title='bbox 1230 1049 1262 1100; x_wconf 92' lang='lat' dir='ltr'>ad</span> <span class='ocrx_word' id='word_1_69' title='bbox 1273 1048 1323 1100; x_wconf 88' lang='lat' dir='ltr'>alia</span> <span class='ocrx_word' id='word_1_70' title='bbox 1334 1047 1463 1102; x_wconf 88' lang='lat' dir='ltr'>insultum</span> 
     </span>
     <span class='ocr_line' id='line_1_8' title="bbox 302 1135 1465 1206; baseline -0.001 -15"><span class='ocrx_word' id='word_1_71' title='bbox 302 1136 358 1192; x_wconf 86' lang='lat' dir='ltr'>sore</span> <span class='ocrx_word' id='word_1_72' title='bbox 376 1137 474 1192; x_wconf 87' lang='lat' dir='ltr'>sacmm</span> <span class='ocrx_word' id='word_1_73' title='bbox 492 1138 525 1191; x_wconf 92' lang='lat' dir='ltr'>ad</span> <span class='ocrx_word' id='word_1_74' title='bbox 543 1137 655 1190; x_wconf 89' lang='lat' dir='ltr'>domum</span> <span class='ocrx_word' id='word_1_75' title='bbox 674 1135 791 1191; x_wconf 81' lang='lat' dir='ltr'>insulcati</span> <span class='ocrx_word' id='word_1_76' title='bbox 809 1139 889 1190; x_wconf 85' lang='lat' dir='ltr'>etiarn</span> <span class='ocrx_word' id='word_1_77' title='bbox 908 1137 929 1190; x_wconf 91' lang='lat' dir='ltr'>si</span> <span class='ocrx_word' id='word_1_78' title='bbox 949 1136 1022 1190; x_wconf 87' lang='lat' dir='ltr'>lieret</span> <span class='ocrx_word' id='word_1_79' title='bbox 1040 1137 1068 1189; x_wconf 90' lang='lat' dir='ltr'>in</span> <span class='ocrx_word' id='word_1_80' title='bbox 1087 1137 1208 1206; x_wconf 90' lang='lat' dir='ltr'>portichu</span> <span class='ocrx_word' id='word_1_81' title='bbox 1221 1135 1324 1205; x_wconf 87' lang='lat' dir='ltr'>publica</span> <span class='ocrx_word' id='word_1_82' title='bbox 1337 1148 1399 1189; x_wconf 86' lang='lat' dir='ltr'>ante</span> <span class='ocrx_word' id='word_1_83' title='bbox 1418 1135 1465 1190; x_wconf 87' lang='lat' dir='ltr'>ho-</span> 
     </span>
    </p>
   </div>
   <div class='ocr_carea' id='block_1_3' title="bbox 302 1310 1464 1473">
    <p class='ocr_par' dir='ltr' id='par_1_3' title="bbox 302 1310 1464 1473">
     <span class='ocr_line' id='line_1_9' title="bbox 302 1310 1464 1384; baseline -0.003 -17"><span class='ocrx_word' id='word_1_84' title='bbox 302 1331 349 1384; x_wconf 89' lang='lat' dir='ltr'>per</span> <span class='ocrx_word' id='word_1_85' title='bbox 366 1315 457 1368; x_wconf 80' lang='lat' dir='ltr'>decess</span> <span class='ocrx_word' id='word_1_86' title='bbox 477 1314 562 1384; x_wconf 81' lang='lat' dir='ltr'>pedes.</span> <span class='ocrx_word' id='word_1_87' title='bbox 581 1313 615 1368; x_wconf 87' lang='lat' dir='ltr'>Et</span> <span class='ocrx_word' id='word_1_88' title='bbox 632 1312 795 1384; x_wconf 80' lang='lat' dir='ltr'>intelligatur</span> <span class='ocrx_word' id='word_1_89' title='bbox 812 1329 869 1367; x_wconf 88' lang='lat' dir='ltr'>esse</span> <span class='ocrx_word' id='word_1_90' title='bbox 886 1311 985 1366; x_wconf 76' lang='lat' dir='ltr'>iactum</span> <span class='ocrx_word' id='word_1_91' title='bbox 1004 1310 1132 1366; x_wconf 85' lang='lat' dir='ltr'>insultum</span> <span class='ocrx_word' id='word_1_92' title='bbox 1145 1327 1208 1366; x_wconf 87' lang='lat' dir='ltr'>cuna</span> <span class='ocrx_word' id='word_1_93' title='bbox 1220 1311 1300 1366; x_wconf 84' lang='lat' dir='ltr'>armis</span> <span class='ocrx_word' id='word_1_94' title='bbox 1311 1311 1333 1365; x_wconf 91' lang='lat' dir='ltr'>si</span> <span class='ocrx_word' id='word_1_95' title='bbox 1343 1311 1464 1365; x_wconf 82' lang='lat' dir='ltr'>habuerit</span> 
     </span>
     <span class='ocr_line' id='line_1_10' title="bbox 303 1401 599 1473; baseline 0 -17"><span class='ocrx_word' id='word_1_96' title='bbox 303 1401 391 1473; x_wconf 85' lang='lat' dir='ltr'>aliqua</span> <span class='ocrx_word' id='word_1_97' title='bbox 408 1419 482 1457; x_wconf 85' lang='lat' dir='ltr'>anna</span> <span class='ocrx_word' id='word_1_98' title='bbox 500 1417 599 1456; x_wconf 79' lang='lat' dir='ltr'>secum.</span> 
     </span>
    </p>
   </div>
   <div class='ocr_carea' id='block_1_4' title="bbox 304 1574 1226 1663">
    <p class='ocr_par' dir='ltr' id='par_1_4' title="bbox 304 1574 1226 1663">
     <span class='ocr_line' id='line_1_11' title="bbox 304 1574 1226 1663; baseline 0 -21"><span class='ocrx_word' id='word_1_99' title='bbox 304 1577 335 1642; x_wconf 89' lang='lat'>8.</span> <span class='ocrx_word' id='word_1_100' title='bbox 358 1574 408 1641; x_wconf 85' lang='lat' dir='ltr'>De</span> <span class='ocrx_word' id='word_1_101' title='bbox 430 1596 513 1663; x_wconf 87' lang='lat' dir='ltr'>pena</span> <span class='ocrx_word' id='word_1_102' title='bbox 534 1575 744 1662; x_wconf 86' lang='lat' dir='ltr'>percucientis</span> <span class='ocrx_word' id='word_1_103' title='bbox 767 1591 799 1642; x_wconf 86' lang='lat' dir='ltr'>et</span> <span class='ocrx_word' id='word_1_104' title='bbox 821 1575 998 1642; x_wconf 72' lang='lat' dir='ltr'>emanantis</span> <span class='ocrx_word' id='word_1_105' title='bbox 1023 1596 1096 1642; x_wconf 90' lang='lat' dir='ltr'>curn</span> <span class='ocrx_word' id='word_1_106' title='bbox 1119 1574 1226 1642; x_wconf 88' lang='lat' dir='ltr'>armis.</span> 
     </span>
    </p>
   </div>
   <div class='ocr_carea' id='block_1_5' title="bbox 269 1695 1468 2998">
    <p class='ocr_par' dir='ltr' id='par_1_5' title="bbox 269 1695 1468 2998">
     <span class='ocr_line' id='line_1_12' title="bbox 339 1695 1465 1768; baseline -0.002 -16"><span class='ocrx_word' id='word_1_107' title='bbox 339 1697 410 1752; x_wconf 88' lang='lat' dir='ltr'>Item</span> <span class='ocrx_word' id='word_1_108' title='bbox 428 1709 556 1751; x_wconf 88' lang='lat' dir='ltr'>statutum</span> <span class='ocrx_word' id='word_1_109' title='bbox 574 1711 600 1752; x_wconf 84' lang='lat' dir='ltr'>et</span> <span class='ocrx_word' id='word_1_110' title='bbox 618 1699 770 1751; x_wconf 88' lang='lat' dir='ltr'>ordinatum</span> <span class='ocrx_word' id='word_1_111' title='bbox 789 1697 917 1768; x_wconf 81' lang='lat' dir='ltr'>estquod</span> <span class='ocrx_word' id='word_1_112' title='bbox 935 1699 957 1750; x_wconf 87' lang='lat' dir='ltr'>si</span> <span class='ocrx_word' id='word_1_113' title='bbox 967 1697 1062 1768; x_wconf 90' lang='lat' dir='ltr'>aliquis</span> <span class='ocrx_word' id='word_1_114' title='bbox 1074 1697 1237 1750; x_wconf 86' lang='lat' dir='ltr'>emanauerit</span> <span class='ocrx_word' id='word_1_115' title='bbox 1249 1709 1340 1750; x_wconf 87' lang='lat' dir='ltr'>contra</span> <span class='ocrx_word' id='word_1_116' title='bbox 1349 1695 1465 1766; x_wconf 84' lang='lat' dir='ltr'>aliquem</span> 
     </span>
     <span class='ocr_line' id='line_1_13' title="bbox 303 1783 1465 1855; baseline -0.001 -18"><span class='ocrx_word' id='word_1_117' title='bbox 303 1785 370 1838; x_wconf 89' lang='lat' dir='ltr'>irato</span> <span class='ocrx_word' id='word_1_118' title='bbox 389 1785 480 1838; x_wconf 88' lang='lat' dir='ltr'>animo</span> <span class='ocrx_word' id='word_1_119' title='bbox 499 1785 532 1838; x_wconf 89' lang='lat' dir='ltr'>de</span> <span class='ocrx_word' id='word_1_120' title='bbox 550 1797 621 1854; x_wconf 91' lang='lat' dir='ltr'>spata</span> <span class='ocrx_word' id='word_1_121' title='bbox 639 1784 729 1854; x_wconf 79' lang='lat' dir='ltr'>gladio</span> <span class='ocrx_word' id='word_1_122' title='bbox 747 1785 790 1837; x_wconf 87' lang='lat' dir='ltr'>uel</span> <span class='ocrx_word' id='word_1_123' title='bbox 809 1784 893 1838; x_wconf 86' lang='lat' dir='ltr'>lancia</span> <span class='ocrx_word' id='word_1_124' title='bbox 912 1797 938 1838; x_wconf 88' lang='lat' dir='ltr'>et</span> <span class='ocrx_word' id='word_1_125' title='bbox 955 1802 1018 1838; x_wconf 86' lang='lat' dir='ltr'>eum</span> <span class='ocrx_word' id='word_1_126' title='bbox 1037 1801 1092 1838; x_wconf 92' lang='lat' dir='ltr'>non</span> <span class='ocrx_word' id='word_1_127' title='bbox 1122 1785 1267 1855; x_wconf 80' lang='lat' dir='ltr'>percusserit</span> <span class='ocrx_word' id='word_1_128' title='bbox 1296 1784 1421 1854; x_wconf 86' lang='lat' dir='ltr'>puniatur</span> <span class='ocrx_word' id='word_1_129' title='bbox 1438 1783 1465 1836; x_wconf 92' lang='lat' dir='ltr'>in</span> 
     </span>
     <span class='ocr_line' id='line_1_14' title="bbox 304 1871 1466 1941; baseline -0.001 -17"><span class='ocrx_word' id='word_1_130' title='bbox 304 1871 384 1924; x_wconf 92' lang='lat' dir='ltr'>libris.</span> <span class='ocrx_word' id='word_1_131' title='bbox 404 1871 436 1925; x_wconf 81' lang='lat' dir='ltr'>X.</span> <span class='ocrx_word' id='word_1_132' title='bbox 456 1872 484 1924; x_wconf 92' lang='lat' dir='ltr'>Si</span> <span class='ocrx_word' id='word_1_133' title='bbox 504 1887 568 1924; x_wconf 88' lang='lat' dir='ltr'>uero</span> <span class='ocrx_word' id='word_1_134' title='bbox 587 1871 673 1941; x_wconf 87' lang='lat' dir='ltr'>lapide</span> <span class='ocrx_word' id='word_1_135' title='bbox 692 1871 734 1924; x_wconf 89' lang='lat' dir='ltr'>uel</span> <span class='ocrx_word' id='word_1_136' title='bbox 753 1871 847 1924; x_wconf 89' lang='lat' dir='ltr'>baculo</span> <span class='ocrx_word' id='word_1_137' title='bbox 866 1872 908 1924; x_wconf 90' lang='lat' dir='ltr'>uel</span> <span class='ocrx_word' id='word_1_138' title='bbox 928 1873 981 1924; x_wconf 92' lang='lat' dir='ltr'>alio</span> <span class='ocrx_word' id='word_1_139' title='bbox 1005 1873 1183 1924; x_wconf 88' lang='lat' dir='ltr'>instrumento</span> <span class='ocrx_word' id='word_1_140' title='bbox 1211 1871 1421 1940; x_wconf 71' lang='lat' dir='ltr'>condempnetur</span> <span class='ocrx_word' id='word_1_141' title='bbox 1437 1871 1466 1922; x_wconf 93' lang='lat' dir='ltr'>in</span> 
     </span>
     <span class='ocr_line' id='line_1_15' title="bbox 305 1959 1466 2032; baseline -0.001 -20"><span class='ocrx_word' id='word_1_142' title='bbox 305 1959 376 2013; x_wconf 89' lang='lat' dir='ltr'>libris</span> <span class='ocrx_word' id='word_1_143' title='bbox 395 1959 520 2030; x_wconf 73' lang='lat' dir='ltr'>quinque.</span> <span class='ocrx_word' id='word_1_144' title='bbox 540 1959 568 2013; x_wconf 90' lang='lat' dir='ltr'>si</span> <span class='ocrx_word' id='word_1_145' title='bbox 587 1975 651 2012; x_wconf 87' lang='lat' dir='ltr'>uero</span> <span class='ocrx_word' id='word_1_146' title='bbox 669 1975 702 2012; x_wconf 79' lang='lat' dir='ltr'>ex</span> <span class='ocrx_word' id='word_1_147' title='bbox 720 1959 796 2012; x_wconf 89' lang='lat' dir='ltr'>dictis</span> <span class='ocrx_word' id='word_1_148' title='bbox 814 1961 893 2013; x_wconf 90' lang='lat' dir='ltr'>armis</span> <span class='ocrx_word' id='word_1_149' title='bbox 912 1959 954 2012; x_wconf 89' lang='lat' dir='ltr'>uel</span> <span class='ocrx_word' id='word_1_150' title='bbox 973 1960 1063 2032; x_wconf 91' lang='lat' dir='ltr'>aliquo</span> <span class='ocrx_word' id='word_1_151' title='bbox 1081 1961 1208 2029; x_wconf 89' lang='lat' dir='ltr'>ipsorum.</span> <span class='ocrx_word' id='word_1_152' title='bbox 1228 1959 1333 2029; x_wconf 76' lang='lat' dir='ltr'>Aliquis</span> <span class='ocrx_word' id='word_1_153' title='bbox 1354 1959 1466 2012; x_wconf 87' lang='lat' dir='ltr'>altensm</span> 
     </span>
     <span class='ocr_line' id='line_1_16' title="bbox 304 2046 1466 2118; baseline -0.002 -18"><span class='ocrx_word' id='word_1_154' title='bbox 304 2047 450 2118; x_wconf 83' lang='lat' dir='ltr'>percusserit</span> <span class='ocrx_word' id='word_1_155' title='bbox 468 2059 494 2100; x_wconf 91' lang='lat' dir='ltr'>et</span> <span class='ocrx_word' id='word_1_156' title='bbox 512 2047 619 2118; x_wconf 85' lang='lat' dir='ltr'>sanguis</span> <span class='ocrx_word' id='word_1_157' title='bbox 637 2063 692 2100; x_wconf 91' lang='lat' dir='ltr'>non</span> <span class='ocrx_word' id='word_1_158' title='bbox 711 2047 822 2100; x_wconf 68' lang='lat' dir='ltr'>existerit</span> <span class='ocrx_word' id='word_1_159' title='bbox 840 2049 1050 2117; x_wconf 74' lang='lat' dir='ltr'>condempnetur</span> <span class='ocrx_word' id='word_1_160' title='bbox 1068 2048 1096 2102; x_wconf 92' lang='lat' dir='ltr'>in</span> <span class='ocrx_word' id='word_1_161' title='bbox 1112 2047 1185 2100; x_wconf 89' lang='lat' dir='ltr'>libris</span> <span class='ocrx_word' id='word_1_162' title='bbox 1198 2046 1302 2114; x_wconf 78' lang='lat' dir='ltr'>uiginti.</span> <span class='ocrx_word' id='word_1_163' title='bbox 1315 2047 1343 2100; x_wconf 91' lang='lat' dir='ltr'>Si</span> <span class='ocrx_word' id='word_1_164' title='bbox 1358 2062 1422 2098; x_wconf 90' lang='lat' dir='ltr'>uero</span> <span class='ocrx_word' id='word_1_165' title='bbox 1435 2065 1466 2098; x_wconf 82' lang='lat' dir='ltr'>ex</span> 
     </span>
     <span class='ocr_line' id='line_1_17' title="bbox 304 2133 1467 2206; baseline 0 -19"><span class='ocrx_word' id='word_1_166' title='bbox 304 2135 359 2205; x_wconf 87' lang='lat' dir='ltr'>ipsa</span> <span class='ocrx_word' id='word_1_167' title='bbox 378 2135 422 2188; x_wconf 86' lang='lat' dir='ltr'>tali</span> <span class='ocrx_word' id='word_1_168' title='bbox 442 2135 601 2206; x_wconf 77' lang='lat' dir='ltr'>pertusione</span> <span class='ocrx_word' id='word_1_169' title='bbox 619 2151 680 2188; x_wconf 88' lang='lat' dir='ltr'>caro</span> <span class='ocrx_word' id='word_1_170' title='bbox 698 2133 776 2188; x_wconf 86' lang='lat' dir='ltr'>suerit</span> <span class='ocrx_word' id='word_1_171' title='bbox 794 2135 935 2189; x_wconf 84' lang='lat' dir='ltr'>tumefacta</span> <span class='ocrx_word' id='word_1_172' title='bbox 954 2135 1112 2189; x_wconf 82' lang='lat' dir='ltr'>contrafacta</span> <span class='ocrx_word' id='word_1_173' title='bbox 1130 2151 1176 2188; x_wconf 85' lang='lat' dir='ltr'>seu</span> <span class='ocrx_word' id='word_1_174' title='bbox 1195 2147 1319 2198; x_wconf 79' lang='lat' dir='ltr'>contusa,</span> <span class='ocrx_word' id='word_1_175' title='bbox 1332 2133 1392 2188; x_wconf 91' lang='lat' dir='ltr'>licet</span> <span class='ocrx_word' id='word_1_176' title='bbox 1410 2151 1467 2186; x_wconf 92' lang='lat' dir='ltr'>san-</span> 
     </span>
     <span class='ocr_line' id='line_1_18' title="bbox 303 2221 1466 2294; baseline -0.002 -18"><span class='ocrx_word' id='word_1_177' title='bbox 303 2225 363 2292; x_wconf 80' lang='lat' dir='ltr'>guis</span> <span class='ocrx_word' id='word_1_178' title='bbox 381 2241 436 2276; x_wconf 92' lang='lat' dir='ltr'>non</span> <span class='ocrx_word' id='word_1_179' title='bbox 456 2224 525 2276; x_wconf 83' lang='lat' dir='ltr'>eaiat</span> <span class='ocrx_word' id='word_1_180' title='bbox 543 2224 667 2292; x_wconf 90' lang='lat' dir='ltr'>puniatur</span> <span class='ocrx_word' id='word_1_181' title='bbox 684 2239 699 2276; x_wconf 90' lang='lat' dir='ltr'>a</span> <span class='ocrx_word' id='word_1_182' title='bbox 719 2223 791 2276; x_wconf 88' lang='lat' dir='ltr'>libris</span> <span class='ocrx_word' id='word_1_183' title='bbox 810 2224 905 2292; x_wconf 83' lang='lat' dir='ltr'>uiginti</span> <span class='ocrx_word' id='word_1_184' title='bbox 925 2241 1007 2294; x_wconf 90' lang='lat' dir='ltr'>usque</span> <span class='ocrx_word' id='word_1_185' title='bbox 1026 2223 1058 2276; x_wconf 90' lang='lat' dir='ltr'>ad</span> <span class='ocrx_word' id='word_1_186' title='bbox 1078 2223 1155 2276; x_wconf 87' lang='lat' dir='ltr'>libms</span> <span class='ocrx_word' id='word_1_187' title='bbox 1168 2223 1349 2294; x_wconf 88' lang='lat' dir='ltr'>quadraginta,</span> <span class='ocrx_word' id='word_1_188' title='bbox 1359 2221 1466 2274; x_wconf 93' lang='lat' dir='ltr'>arbitrio</span> 
     </span>
     <span class='ocr_line' id='line_1_19' title="bbox 303 2309 1467 2382; baseline -0.004 -17"><span class='ocrx_word' id='word_1_189' title='bbox 303 2312 407 2365; x_wconf 90' lang='lat' dir='ltr'>domini</span> <span class='ocrx_word' id='word_1_190' title='bbox 426 2311 569 2381; x_wconf 67' lang='lat' dir='ltr'>potissimis,</span> <span class='ocrx_word' id='word_1_191' title='bbox 588 2311 703 2380; x_wconf 85' lang='lat' dir='ltr'>Clauarij</span> <span class='ocrx_word' id='word_1_192' title='bbox 724 2325 750 2365; x_wconf 89' lang='lat' dir='ltr'>et</span> <span class='ocrx_word' id='word_1_193' title='bbox 768 2312 909 2364; x_wconf 89' lang='lat' dir='ltr'>consulum</span> <span class='ocrx_word' id='word_1_194' title='bbox 929 2313 1044 2382; x_wconf 86' lang='lat' dir='ltr'>inspecta</span> <span class='ocrx_word' id='word_1_195' title='bbox 1063 2312 1189 2382; x_wconf 75' lang='lat' dir='ltr'>qualitate</span> <span class='ocrx_word' id='word_1_196' title='bbox 1201 2311 1287 2364; x_wconf 83' lang='lat' dir='ltr'>delicti</span> <span class='ocrx_word' id='word_1_197' title='bbox 1301 2309 1467 2380; x_wconf 89' lang='lat' dir='ltr'>etqualitate</span> 
     </span>
     <span class='ocr_line' id='line_1_20' title="bbox 304 2397 1467 2470; baseline -0.003 -18"><span class='ocrx_word' id='word_1_198' title='bbox 304 2416 484 2470; x_wconf 87' lang='lat' dir='ltr'>personamm.</span> <span class='ocrx_word' id='word_1_199' title='bbox 504 2399 532 2452; x_wconf 89' lang='lat' dir='ltr'>Si</span> <span class='ocrx_word' id='word_1_200' title='bbox 551 2415 615 2452; x_wconf 89' lang='lat' dir='ltr'>uero</span> <span class='ocrx_word' id='word_1_201' title='bbox 633 2417 665 2452; x_wconf 82' lang='lat' dir='ltr'>ex</span> <span class='ocrx_word' id='word_1_202' title='bbox 684 2401 739 2469; x_wconf 84' lang='lat' dir='ltr'>ipsa</span> <span class='ocrx_word' id='word_1_203' title='bbox 758 2399 802 2452; x_wconf 86' lang='lat' dir='ltr'>tali</span> <span class='ocrx_word' id='word_1_204' title='bbox 822 2401 981 2469; x_wconf 83' lang='lat' dir='ltr'>percussione</span> <span class='ocrx_word' id='word_1_205' title='bbox 999 2400 1056 2452; x_wconf 89' lang='lat' dir='ltr'>siue</span> <span class='ocrx_word' id='word_1_206' title='bbox 1074 2399 1285 2470; x_wconf 80' lang='lat' dir='ltr'>percussionibus,</span> <span class='ocrx_word' id='word_1_207' title='bbox 1298 2397 1405 2466; x_wconf 79' lang='lat' dir='ltr'>sanguis</span> <span class='ocrx_word' id='word_1_208' title='bbox 1416 2397 1467 2449; x_wconf 85' lang='lat' dir='ltr'>exi-</span> 
     </span>
     <span class='ocr_line' id='line_1_21' title="bbox 305 2485 1467 2558; baseline -0.003 -18"><span class='ocrx_word' id='word_1_209' title='bbox 305 2489 372 2540; x_wconf 88' lang='lat' dir='ltr'>uerit</span> <span class='ocrx_word' id='word_1_210' title='bbox 390 2499 416 2540; x_wconf 88' lang='lat' dir='ltr'>et</span> <span class='ocrx_word' id='word_1_211' title='bbox 434 2487 558 2558; x_wconf 76' lang='lat' dir='ltr'>percutio</span> <span class='ocrx_word' id='word_1_212' title='bbox 571 2487 799 2558; x_wconf 79' lang='lat' dir='ltr'>seupercuriones</span> <span class='ocrx_word' id='word_1_213' title='bbox 818 2485 914 2540; x_wconf 85' lang='lat' dir='ltr'>luerint</span> <span class='ocrx_word' id='word_1_214' title='bbox 932 2504 947 2540; x_wconf 89' lang='lat' dir='ltr'>a</span> <span class='ocrx_word' id='word_1_215' title='bbox 966 2487 1036 2540; x_wconf 93' lang='lat' dir='ltr'>collo</span> <span class='ocrx_word' id='word_1_216' title='bbox 1054 2487 1173 2557; x_wconf 83' lang='lat' dir='ltr'>superius</span> <span class='ocrx_word' id='word_1_217' title='bbox 1191 2487 1401 2556; x_wconf 86' lang='lat' dir='ltr'>condampnetnr</span> <span class='ocrx_word' id='word_1_218' title='bbox 1419 2501 1467 2556; x_wconf 92' lang='lat' dir='ltr'>pro</span> 
     </span>
     <span class='ocr_line' id='line_1_22' title="bbox 269 2573 1468 2646; baseline -0.003 -16"><span class='ocrx_word' id='word_1_219' title='bbox 269 2601 276 2616; x_wconf 84' lang='lat'>.</span> <span class='ocrx_word' id='word_1_220' title='bbox 304 2575 420 2646; x_wconf 86' lang='lat' dir='ltr'>qualibet</span> <span class='ocrx_word' id='word_1_221' title='bbox 439 2575 597 2645; x_wconf 81' lang='lat' dir='ltr'>percusione</span> <span class='ocrx_word' id='word_1_222' title='bbox 615 2587 642 2628; x_wconf 87' lang='lat' dir='ltr'>ct</span> <span class='ocrx_word' id='word_1_223' title='bbox 659 2575 775 2645; x_wconf 88' lang='lat' dir='ltr'>qualibet</span> <span class='ocrx_word' id='word_1_224' title='bbox 794 2575 860 2628; x_wconf 86' lang='lat' dir='ltr'>uice.</span> <span class='ocrx_word' id='word_1_225' title='bbox 881 2575 911 2628; x_wconf 90' lang='lat' dir='ltr'>ln</span> <span class='ocrx_word' id='word_1_226' title='bbox 931 2575 1003 2629; x_wconf 88' lang='lat' dir='ltr'>libns</span> <span class='ocrx_word' id='word_1_227' title='bbox 1021 2575 1156 2644; x_wconf 80' lang='lat' dir='ltr'>sexaginta</span> <span class='ocrx_word' id='word_1_228' title='bbox 1178 2573 1342 2646; x_wconf 83' lang='lat' dir='ltr'>papiensium</span> <span class='ocrx_word' id='word_1_229' title='bbox 1357 2588 1412 2626; x_wconf 90' lang='lat' dir='ltr'>non</span> <span class='ocrx_word' id='word_1_230' title='bbox 1431 2590 1468 2626; x_wconf 78' lang='lat' dir='ltr'>re</span> 
     </span>
     <span class='ocr_line' id='line_1_23' title="bbox 304 2661 1466 2730; baseline -0.003 -14"><span class='ocrx_word' id='word_1_231' title='bbox 304 2675 430 2716; x_wconf 86' lang='lat' dir='ltr'>manente</span> <span class='ocrx_word' id='word_1_232' title='bbox 448 2663 566 2716; x_wconf 86' lang='lat' dir='ltr'>cicatrice</span> <span class='ocrx_word' id='word_1_233' title='bbox 584 2663 612 2714; x_wconf 90' lang='lat' dir='ltr'>in</span> <span class='ocrx_word' id='word_1_234' title='bbox 632 2663 716 2716; x_wconf 90' lang='lat' dir='ltr'>uultu.</span> <span class='ocrx_word' id='word_1_235' title='bbox 735 2663 763 2717; x_wconf 90' lang='lat' dir='ltr'>Si</span> <span class='ocrx_word' id='word_1_236' title='bbox 783 2679 847 2716; x_wconf 89' lang='lat' dir='ltr'>uero</span> <span class='ocrx_word' id='word_1_237' title='bbox 865 2663 971 2717; x_wconf 76' lang='lat' dir='ltr'>cicatrix</span> <span class='ocrx_word' id='word_1_238' title='bbox 990 2663 1148 2716; x_wconf 76' lang='lat' dir='ltr'>remanserit</span> <span class='ocrx_word' id='word_1_239' title='bbox 1167 2663 1193 2716; x_wconf 91' lang='lat' dir='ltr'>in</span> <span class='ocrx_word' id='word_1_240' title='bbox 1214 2661 1289 2715; x_wconf 91' lang='lat' dir='ltr'>uultu</span> <span class='ocrx_word' id='word_1_241' title='bbox 1318 2661 1466 2730; x_wconf 87' lang='lat' dir='ltr'>condamp-</span> 
     </span>
     <span class='ocr_line' id='line_1_24' title="bbox 304 2747 1468 2820; baseline -0.004 -16"><span class='ocrx_word' id='word_1_242' title='bbox 304 2763 382 2804; x_wconf 88' lang='lat' dir='ltr'>netur</span> <span class='ocrx_word' id='word_1_243' title='bbox 400 2751 427 2804; x_wconf 93' lang='lat' dir='ltr'>in</span> <span class='ocrx_word' id='word_1_244' title='bbox 446 2749 518 2803; x_wconf 86' lang='lat' dir='ltr'>libris</span> <span class='ocrx_word' id='word_1_245' title='bbox 537 2761 644 2804; x_wconf 84' lang='lat' dir='ltr'>centum</span> <span class='ocrx_word' id='word_1_246' title='bbox 662 2749 823 2820; x_wconf 87' lang='lat' dir='ltr'>applicandis</span> <span class='ocrx_word' id='word_1_247' title='bbox 842 2751 950 2804; x_wconf 89' lang='lat' dir='ltr'>comuni</span> <span class='ocrx_word' id='word_1_248' title='bbox 970 2751 1087 2820; x_wconf 82' lang='lat' dir='ltr'>Bugelle.</span> <span class='ocrx_word' id='word_1_249' title='bbox 1116 2750 1144 2804; x_wconf 89' lang='lat' dir='ltr'>Si</span> <span class='ocrx_word' id='word_1_250' title='bbox 1163 2765 1227 2804; x_wconf 85' lang='lat' dir='ltr'>uero</span> <span class='ocrx_word' id='word_1_251' title='bbox 1256 2747 1319 2802; x_wconf 88' lang='lat' dir='ltr'>alibi</span> <span class='ocrx_word' id='word_1_252' title='bbox 1346 2749 1380 2801; x_wconf 92' lang='lat' dir='ltr'>de</span> <span class='ocrx_word' id='word_1_253' title='bbox 1398 2747 1468 2800; x_wconf 89' lang='lat' dir='ltr'>collo</span> 
     </span>
     <span class='ocr_line' id='line_1_25' title="bbox 306 2836 1468 2908; baseline -0.001 -19"><span class='ocrx_word' id='word_1_254' title='bbox 306 2837 372 2890; x_wconf 80' lang='lat' dir='ltr'>inira</span> <span class='ocrx_word' id='word_1_255' title='bbox 390 2836 459 2890; x_wconf 88' lang='lat' dir='ltr'>dicte</span> <span class='ocrx_word' id='word_1_256' title='bbox 477 2838 649 2908; x_wconf 73' lang='lat' dir='ltr'>percursiones</span> <span class='ocrx_word' id='word_1_257' title='bbox 667 2837 733 2891; x_wconf 80' lang='lat' dir='ltr'>lacte</span> <span class='ocrx_word' id='word_1_258' title='bbox 752 2837 849 2892; x_wconf 85' lang='lat' dir='ltr'>luerint</span> <span class='ocrx_word' id='word_1_259' title='bbox 867 2837 991 2908; x_wconf 88' lang='lat' dir='ltr'>puniatur</span> <span class='ocrx_word' id='word_1_260' title='bbox 1009 2855 1056 2908; x_wconf 91' lang='lat' dir='ltr'>pro</span> <span class='ocrx_word' id='word_1_261' title='bbox 1074 2837 1190 2908; x_wconf 85' lang='lat' dir='ltr'>qualibet</span> <span class='ocrx_word' id='word_1_262' title='bbox 1202 2837 1357 2908; x_wconf 80' lang='lat' dir='ltr'>pertusione</span> <span class='ocrx_word' id='word_1_263' title='bbox 1369 2847 1394 2889; x_wconf 87' lang='lat' dir='ltr'>ct</span> <span class='ocrx_word' id='word_1_264' title='bbox 1408 2853 1468 2906; x_wconf 87' lang='lat' dir='ltr'>qua-</span> 
     </span>
     <span class='ocr_line' id='line_1_26' title="bbox 306 2923 1395 2998; baseline -0.002 -20"><span class='ocrx_word' id='word_1_265' title='bbox 306 2925 369 2978; x_wconf 81' lang='lat' dir='ltr'>libet</span> <span class='ocrx_word' id='word_1_266' title='bbox 388 2925 454 2988; x_wconf 86' lang='lat' dir='ltr'>uice,</span> <span class='ocrx_word' id='word_1_267' title='bbox 473 2925 503 2978; x_wconf 91' lang='lat' dir='ltr'>In</span> <span class='ocrx_word' id='word_1_268' title='bbox 523 2923 594 2978; x_wconf 87' lang='lat' dir='ltr'>libris</span> <span class='ocrx_word' id='word_1_269' title='bbox 612 2927 805 2998; x_wconf 83' lang='lat' dir='ltr'>quinquaginta</span> <span class='ocrx_word' id='word_1_270' title='bbox 823 2925 983 2996; x_wconf 88' lang='lat' dir='ltr'>applicandis</span> <span class='ocrx_word' id='word_1_271' title='bbox 1002 2925 1110 2979; x_wconf 87' lang='lat' dir='ltr'>comuni</span> <span class='ocrx_word' id='word_1_272' title='bbox 1130 2925 1239 2994; x_wconf 77' lang='lat' dir='ltr'>Bugelle</span> <span class='ocrx_word' id='word_1_273' title='bbox 1264 2937 1395 2994; x_wconf 91' lang='lat' dir='ltr'>utsupra.</span> 
     </span>
    </p>
   </div>
   <div class='ocr_carea' id='block_1_6' title="bbox 307 3096 1253 3185">
    <p class='ocr_par' dir='ltr' id='par_1_6' title="bbox 307 3096 1253 3185">
     <span class='ocr_line' id='line_1_27' title="bbox 307 3096 1253 3185; baseline 0.002 -21"><span class='ocrx_word' id='word_1_274' title='bbox 307 3119 336 3182; x_wconf 88' lang='lat'>9.</span> <span class='ocrx_word' id='word_1_275' title='bbox 361 3098 411 3164; x_wconf 86' lang='lat' dir='ltr'>De</span> <span class='ocrx_word' id='word_1_276' title='bbox 433 3119 515 3185; x_wconf 87' lang='lat' dir='ltr'>pena</span> <span class='ocrx_word' id='word_1_277' title='bbox 537 3097 750 3167; x_wconf 90' lang='lat' dir='ltr'>abscindentis</span> <span class='ocrx_word' id='word_1_278' title='bbox 773 3098 825 3165; x_wconf 89' lang='lat' dir='ltr'>uel</span> <span class='ocrx_word' id='word_1_279' title='bbox 848 3098 1039 3167; x_wconf 87' lang='lat' dir='ltr'>debilitantis</span> <span class='ocrx_word' id='word_1_280' title='bbox 1062 3096 1253 3166; x_wconf 85' lang='lat' dir='ltr'>membrum.</span> 
     </span>
    </p>
   </div>
   <div class='ocr_carea' id='block_1_7' title="bbox 305 3225 1469 4175">
    <p class='ocr_par' dir='ltr' id='par_1_7' title="bbox 305 3225 1469 4175">
     <span class='ocr_line' id='line_1_28' title="bbox 342 3225 1469 3296; baseline -0.002 -20"><span class='ocrx_word' id='word_1_281' title='bbox 342 3225 406 3276; x_wconf 92' lang='lat' dir='ltr'>lrem</span> <span class='ocrx_word' id='word_1_282' title='bbox 427 3237 568 3278; x_wconf 74' lang='lat' dir='ltr'>statuisset</span> <span class='ocrx_word' id='word_1_283' title='bbox 596 3225 747 3278; x_wconf 87' lang='lat' dir='ltr'>ordinatum</span> <span class='ocrx_word' id='word_1_284' title='bbox 775 3237 814 3277; x_wconf 77' lang='lat' dir='ltr'>cst</span> <span class='ocrx_word' id='word_1_285' title='bbox 841 3227 912 3294; x_wconf 91' lang='lat' dir='ltr'>quod</span> <span class='ocrx_word' id='word_1_286' title='bbox 940 3227 962 3280; x_wconf 90' lang='lat' dir='ltr'>si</span> <span class='ocrx_word' id='word_1_287' title='bbox 989 3225 1048 3296; x_wconf 85' lang='lat' dir='ltr'>quis</span> <span class='ocrx_word' id='word_1_288' title='bbox 1066 3227 1182 3294; x_wconf 87' lang='lat' dir='ltr'>aliquem</span> <span class='ocrx_word' id='word_1_289' title='bbox 1211 3225 1355 3294; x_wconf 79' lang='lat' dir='ltr'>percusserit</span> <span class='ocrx_word' id='word_1_290' title='bbox 1373 3225 1469 3292; x_wconf 83' lang='lat' dir='ltr'>quouis</span> 
     </span>
     <span class='ocr_line' id='line_1_29' title="bbox 306 3311 1468 3382; baseline -0.002 -18"><span class='ocrx_word' id='word_1_291' title='bbox 306 3312 397 3370; x_wconf 72' lang='lat' dir='ltr'>niodo,</span> <span class='ocrx_word' id='word_1_292' title='bbox 417 3311 448 3364; x_wconf 88' lang='lat' dir='ltr'>Et</span> <span class='ocrx_word' id='word_1_293' title='bbox 467 3329 498 3364; x_wconf 83' lang='lat' dir='ltr'>ex</span> <span class='ocrx_word' id='word_1_294' title='bbox 518 3311 571 3380; x_wconf 89' lang='lat' dir='ltr'>ipsa</span> <span class='ocrx_word' id='word_1_295' title='bbox 591 3315 744 3382; x_wconf 81' lang='lat' dir='ltr'>pertusione</span> <span class='ocrx_word' id='word_1_296' title='bbox 763 3317 913 3366; x_wconf 84' lang='lat' dir='ltr'>membrum</span> <span class='ocrx_word' id='word_1_297' title='bbox 934 3313 1010 3368; x_wconf 82' lang='lat' dir='ltr'>suerit</span> <span class='ocrx_word' id='word_1_298' title='bbox 1028 3315 1157 3366; x_wconf 82' lang='lat' dir='ltr'>abscisum</span> <span class='ocrx_word' id='word_1_299' title='bbox 1178 3313 1218 3365; x_wconf 88' lang='lat' dir='ltr'>uei</span> <span class='ocrx_word' id='word_1_300' title='bbox 1239 3313 1312 3364; x_wconf 84' lang='lat' dir='ltr'>aliter</span> <span class='ocrx_word' id='word_1_301' title='bbox 1331 3328 1468 3378; x_wconf 82' lang='lat' dir='ltr'>acorpure</span> 
     </span>
     <span class='ocr_line' id='line_1_30' title="bbox 305 3401 1467 3472; baseline 0 -22"><span class='ocrx_word' id='word_1_302' title='bbox 305 3411 463 3468; x_wconf 83' lang='lat' dir='ltr'>separatum,</span> <span class='ocrx_word' id='word_1_303' title='bbox 483 3401 606 3468; x_wconf 86' lang='lat' dir='ltr'>puniatur</span> <span class='ocrx_word' id='word_1_304' title='bbox 625 3401 652 3453; x_wconf 91' lang='lat' dir='ltr'>in</span> <span class='ocrx_word' id='word_1_305' title='bbox 672 3401 742 3454; x_wconf 89' lang='lat' dir='ltr'>libris</span> <span class='ocrx_word' id='word_1_306' title='bbox 761 3403 878 3472; x_wconf 89' lang='lat' dir='ltr'>quinque</span> <span class='ocrx_word' id='word_1_307' title='bbox 897 3415 1003 3454; x_wconf 87' lang='lat' dir='ltr'>centum</span> <span class='ocrx_word' id='word_1_308' title='bbox 1024 3403 1196 3471; x_wconf 87' lang='lat' dir='ltr'>papiensium.</span> <span class='ocrx_word' id='word_1_309' title='bbox 1219 3401 1246 3452; x_wconf 84' lang='lat' dir='ltr'>Si</span> <span class='ocrx_word' id='word_1_310' title='bbox 1267 3417 1331 3452; x_wconf 90' lang='lat' dir='ltr'>uero</span> <span class='ocrx_word' id='word_1_311' title='bbox 1349 3417 1381 3452; x_wconf 82' lang='lat' dir='ltr'>ex</span> <span class='ocrx_word' id='word_1_312' title='bbox 1400 3401 1467 3452; x_wconf 87' lang='lat' dir='ltr'>dicta</span> 
     </span>
     <span class='ocr_line' id='line_1_31' title="bbox 307 3487 1469 3560; baseline 0 -22"><span class='ocrx_word' id='word_1_313' title='bbox 307 3487 461 3556; x_wconf 81' lang='lat' dir='ltr'>percusione</span> <span class='ocrx_word' id='word_1_314' title='bbox 480 3490 630 3540; x_wconf 90' lang='lat' dir='ltr'>membrum</span> <span class='ocrx_word' id='word_1_315' title='bbox 649 3489 814 3542; x_wconf 84' lang='lat' dir='ltr'>debilitatum</span> <span class='ocrx_word' id='word_1_316' title='bbox 834 3491 987 3543; x_wconf 86' lang='lat' dir='ltr'>rentenserit</span> <span class='ocrx_word' id='word_1_317' title='bbox 1007 3491 1091 3543; x_wconf 84' lang='lat' dir='ltr'>taliter</span> <span class='ocrx_word' id='word_1_318' title='bbox 1110 3490 1182 3560; x_wconf 86' lang='lat' dir='ltr'>quod</span> <span class='ocrx_word' id='word_1_319' title='bbox 1202 3507 1257 3542; x_wconf 90' lang='lat' dir='ltr'>non</span> <span class='ocrx_word' id='word_1_320' title='bbox 1277 3490 1358 3558; x_wconf 88' lang='lat' dir='ltr'>possit</span> <span class='ocrx_word' id='word_1_321' title='bbox 1380 3489 1469 3542; x_wconf 79' lang='lat' dir='ltr'>solitis</span> 
     </span>
     <span class='ocr_line' id='line_1_32' title="bbox 306 3575 1468 3648; baseline 0.002 -22"><span class='ocrx_word' id='word_1_322' title='bbox 306 3577 472 3644; x_wconf 84' lang='lat' dir='ltr'>operationes</span> <span class='ocrx_word' id='word_1_323' title='bbox 492 3575 583 3638; x_wconf 83' lang='lat' dir='ltr'>iacere,</span> <span class='ocrx_word' id='word_1_324' title='bbox 602 3579 733 3646; x_wconf 88' lang='lat' dir='ltr'>puniatur,</span> <span class='ocrx_word' id='word_1_325' title='bbox 749 3578 776 3631; x_wconf 93' lang='lat' dir='ltr'>ln</span> <span class='ocrx_word' id='word_1_326' title='bbox 792 3579 864 3630; x_wconf 88' lang='lat' dir='ltr'>libris</span> <span class='ocrx_word' id='word_1_327' title='bbox 876 3580 1030 3642; x_wconf 88' lang='lat' dir='ltr'>ducentum,</span> <span class='ocrx_word' id='word_1_328' title='bbox 1044 3595 1091 3648; x_wconf 92' lang='lat' dir='ltr'>pro</span> <span class='ocrx_word' id='word_1_329' title='bbox 1105 3579 1222 3648; x_wconf 87' lang='lat' dir='ltr'>quolibet</span> <span class='ocrx_word' id='word_1_330' title='bbox 1236 3579 1356 3629; x_wconf 89' lang='lat' dir='ltr'>membro</span> <span class='ocrx_word' id='word_1_331' title='bbox 1368 3589 1394 3630; x_wconf 87' lang='lat' dir='ltr'>et</span> <span class='ocrx_word' id='word_1_332' title='bbox 1408 3593 1468 3646; x_wconf 88' lang='lat' dir='ltr'>qua·</span> 
     </span>
     <span class='ocr_line' id='line_1_33' title="bbox 307 3663 1468 3735; baseline 0.001 -20"><span class='ocrx_word' id='word_1_333' title='bbox 307 3663 369 3716; x_wconf 86' lang='lat' dir='ltr'>libet</span> <span class='ocrx_word' id='word_1_334' title='bbox 388 3665 454 3716; x_wconf 87' lang='lat' dir='ltr'>nice.</span> <span class='ocrx_word' id='word_1_335' title='bbox 474 3664 550 3726; x_wconf 89' lang='lat' dir='ltr'>Quas</span> <span class='ocrx_word' id='word_1_336' title='bbox 569 3681 649 3734; x_wconf 86' lang='lat' dir='ltr'>penas</span> <span class='ocrx_word' id='word_1_337' title='bbox 667 3666 688 3718; x_wconf 87' lang='lat' dir='ltr'>si</span> <span class='ocrx_word' id='word_1_338' title='bbox 707 3667 858 3735; x_wconf 83' lang='lat' dir='ltr'>percuciens</span> <span class='ocrx_word' id='word_1_339' title='bbox 877 3684 932 3720; x_wconf 91' lang='lat' dir='ltr'>non</span> <span class='ocrx_word' id='word_1_340' title='bbox 951 3667 1059 3720; x_wconf 77' lang='lat' dir='ltr'>soluerit</span> <span class='ocrx_word' id='word_1_341' title='bbox 1088 3667 1154 3718; x_wconf 84' lang='lat' dir='ltr'>inira</span> <span class='ocrx_word' id='word_1_342' title='bbox 1182 3667 1326 3720; x_wconf 87' lang='lat' dir='ltr'>terminum</span> <span class='ocrx_word' id='word_1_343' title='bbox 1354 3665 1381 3717; x_wconf 91' lang='lat' dir='ltr'>in</span> <span class='ocrx_word' id='word_1_344' title='bbox 1400 3681 1468 3718; x_wconf 90' lang='lat' dir='ltr'>con-</span> 
     </span>
     <span class='ocr_line' id='line_1_34' title="bbox 306 3751 1467 3823; baseline 0.001 -20"><span class='ocrx_word' id='word_1_345' title='bbox 306 3751 495 3820; x_wconf 85' lang='lat' dir='ltr'>dampnatione</span> <span class='ocrx_word' id='word_1_346' title='bbox 514 3753 547 3805; x_wconf 90' lang='lat' dir='ltr'>de</span> <span class='ocrx_word' id='word_1_347' title='bbox 565 3753 622 3822; x_wconf 85' lang='lat' dir='ltr'>ipso</span> <span class='ocrx_word' id='word_1_348' title='bbox 641 3752 706 3806; x_wconf 83' lang='lat' dir='ltr'>lacta</span> <span class='ocrx_word' id='word_1_349' title='bbox 725 3755 936 3823; x_wconf 86' lang='lat' dir='ltr'>condampnetur</span> <span class='ocrx_word' id='word_1_350' title='bbox 954 3755 980 3806; x_wconf 92' lang='lat' dir='ltr'>in</span> <span class='ocrx_word' id='word_1_351' title='bbox 1001 3755 1182 3823; x_wconf 87' lang='lat' dir='ltr'>amputatione</span> <span class='ocrx_word' id='word_1_352' title='bbox 1200 3771 1246 3806; x_wconf 89' lang='lat' dir='ltr'>seu</span> <span class='ocrx_word' id='word_1_353' title='bbox 1265 3754 1411 3806; x_wconf 84' lang='lat' dir='ltr'>abscisione</span> <span class='ocrx_word' id='word_1_354' title='bbox 1429 3753 1467 3804; x_wconf 87' lang='lat' dir='ltr'>si·</span> 
     </span>
     <span class='ocr_line' id='line_1_35' title="bbox 306 3839 1468 3912; baseline -0.002 -18"><span class='ocrx_word' id='word_1_355' title='bbox 306 3841 378 3894; x_wconf 89' lang='lat' dir='ltr'>milis</span> <span class='ocrx_word' id='word_1_356' title='bbox 396 3841 512 3894; x_wconf 84' lang='lat' dir='ltr'>menbet.</span> <span class='ocrx_word' id='word_1_357' title='bbox 532 3839 633 3894; x_wconf 83' lang='lat' dir='ltr'>Verum</span> <span class='ocrx_word' id='word_1_358' title='bbox 651 3843 713 3911; x_wconf 88' lang='lat' dir='ltr'>quia</span> <span class='ocrx_word' id='word_1_359' title='bbox 732 3843 798 3896; x_wconf 88' lang='lat' dir='ltr'>uerti</span> <span class='ocrx_word' id='word_1_360' title='bbox 818 3855 904 3912; x_wconf 85' lang='lat' dir='ltr'>posset</span> <span class='ocrx_word' id='word_1_361' title='bbox 923 3843 950 3896; x_wconf 91' lang='lat' dir='ltr'>in</span> <span class='ocrx_word' id='word_1_362' title='bbox 970 3843 1080 3896; x_wconf 89' lang='lat' dir='ltr'>dubium</span> <span class='ocrx_word' id='word_1_363' title='bbox 1101 3855 1189 3895; x_wconf 90' lang='lat' dir='ltr'>utrum</span> <span class='ocrx_word' id='word_1_364' title='bbox 1208 3843 1307 3910; x_wconf 77' lang='lat' dir='ltr'>digitus</span> <span class='ocrx_word' id='word_1_365' title='bbox 1331 3841 1373 3894; x_wconf 85' lang='lat' dir='ltr'>uel</span> <span class='ocrx_word' id='word_1_366' title='bbox 1392 3841 1468 3906; x_wconf 72' lang='lat' dir='ltr'>digiti</span> 
     </span>
     <span class='ocr_line' id='line_1_36' title="bbox 306 3928 1467 3999; baseline 0.001 -19"><span class='ocrx_word' id='word_1_367' title='bbox 306 3929 358 3980; x_wconf 90' lang='lat' dir='ltr'>sint</span> <span class='ocrx_word' id='word_1_368' title='bbox 377 3928 504 3990; x_wconf 82' lang='lat' dir='ltr'>membra,</span> <span class='ocrx_word' id='word_1_369' title='bbox 523 3941 550 3981; x_wconf 89' lang='lat' dir='ltr'>et</span> <span class='ocrx_word' id='word_1_370' title='bbox 578 3929 611 3981; x_wconf 89' lang='lat' dir='ltr'>ad</span> <span class='ocrx_word' id='word_1_371' title='bbox 640 3929 788 3982; x_wconf 89' lang='lat' dir='ltr'>tollendum</span> <span class='ocrx_word' id='word_1_372' title='bbox 816 3931 916 3984; x_wconf 89' lang='lat' dir='ltr'>dictum</span> <span class='ocrx_word' id='word_1_373' title='bbox 944 3931 1064 3992; x_wconf 89' lang='lat' dir='ltr'>dubium,</span> <span class='ocrx_word' id='word_1_374' title='bbox 1084 3931 1217 3984; x_wconf 86' lang='lat' dir='ltr'>Statutum</span> <span class='ocrx_word' id='word_1_375' title='bbox 1236 3943 1284 3994; x_wconf 83' lang='lat' dir='ltr'>est,</span> <span class='ocrx_word' id='word_1_376' title='bbox 1301 3931 1373 3999; x_wconf 90' lang='lat' dir='ltr'>quod</span> <span class='ocrx_word' id='word_1_377' title='bbox 1392 3931 1467 3998; x_wconf 73' lang='lat' dir='ltr'>digiti</span> 
     </span>
     <span class='ocr_line' id='line_1_37' title="bbox 307 4015 1468 4088; baseline 0.001 -19"><span class='ocrx_word' id='word_1_378' title='bbox 307 4015 426 4070; x_wconf 86' lang='lat' dir='ltr'>membra</span> <span class='ocrx_word' id='word_1_379' title='bbox 445 4033 499 4068; x_wconf 90' lang='lat' dir='ltr'>non</span> <span class='ocrx_word' id='word_1_380' title='bbox 520 4016 709 4084; x_wconf 75' lang='lat' dir='ltr'>intelligantur,</span> <span class='ocrx_word' id='word_1_381' title='bbox 728 4017 779 4071; x_wconf 86' lang='lat' dir='ltr'>Sed</span> <span class='ocrx_word' id='word_1_382' title='bbox 799 4034 865 4088; x_wconf 85' lang='lat' dir='ltr'>pars,</span> <span class='ocrx_word' id='word_1_383' title='bbox 884 4019 1002 4072; x_wconf 89' lang='lat' dir='ltr'>membra</span> <span class='ocrx_word' id='word_1_384' title='bbox 1021 4029 1046 4070; x_wconf 86' lang='lat' dir='ltr'>et</span> <span class='ocrx_word' id='word_1_385' title='bbox 1066 4019 1177 4070; x_wconf 89' lang='lat' dir='ltr'>membri</span> <span class='ocrx_word' id='word_1_386' title='bbox 1198 4034 1261 4072; x_wconf 88' lang='lat' dir='ltr'>uero</span> <span class='ocrx_word' id='word_1_387' title='bbox 1286 4017 1468 4086; x_wconf 79' lang='lat' dir='ltr'>intelligantur</span> 
     </span>
     <span class='ocr_line' id='line_1_38' title="bbox 308 4105 1469 4175; baseline 0.003 -19"><span class='ocrx_word' id='word_1_388' title='bbox 308 4121 352 4174; x_wconf 81' lang='lat' dir='ltr'>pcs</span> <span class='ocrx_word' id='word_1_389' title='bbox 371 4121 466 4158; x_wconf 90' lang='lat' dir='ltr'>manus</span> <span class='ocrx_word' id='word_1_390' title='bbox 484 4121 543 4158; x_wconf 86' lang='lat' dir='ltr'>crus</span> <span class='ocrx_word' id='word_1_391' title='bbox 561 4105 624 4158; x_wconf 90' lang='lat' dir='ltr'>tibia</span> <span class='ocrx_word' id='word_1_392' title='bbox 642 4105 752 4158; x_wconf 85' lang='lat' dir='ltr'>occulus</span> <span class='ocrx_word' id='word_1_393' title='bbox 769 4117 795 4160; x_wconf 90' lang='lat' dir='ltr'>et</span> <span class='ocrx_word' id='word_1_394' title='bbox 814 4123 892 4160; x_wconf 84' lang='lat' dir='ltr'>nasus</span> <span class='ocrx_word' id='word_1_395' title='bbox 909 4123 940 4160; x_wconf 87' lang='lat' dir='ltr'>ac</span> <span class='ocrx_word' id='word_1_396' title='bbox 958 4107 1109 4160; x_wconf 88' lang='lat' dir='ltr'>membrum</span> <span class='ocrx_word' id='word_1_397' title='bbox 1129 4106 1205 4160; x_wconf 87' lang='lat' dir='ltr'>uirile</span> <span class='ocrx_word' id='word_1_398' title='bbox 1218 4119 1244 4160; x_wconf 88' lang='lat' dir='ltr'>et</span> <span class='ocrx_word' id='word_1_399' title='bbox 1256 4107 1469 4175; x_wconf 78' lang='lat' dir='ltr'>genitalia,autis</span> 
     </span>
    </p>
   </div>
   <div class='ocr_carea' id='block_1_8' title="bbox 333 4312 712 4368">
    <p class='ocr_par' dir='ltr' id='par_1_8' title="bbox 333 4312 712 4368">
     <span class='ocr_line' id='line_1_39' title="bbox 333 4312 712 4368; baseline 0 -14"><span class='ocrx_word' id='word_1_400' title='bbox 333 4315 363 4366; x_wconf 86' lang='grc' dir='ltr'>(ι)</span> <span class='ocrx_word' id='word_1_401' title='bbox 380 4312 431 4354; x_wconf 78' lang='lat' dir='ltr'>irtus</span> <span class='ocrx_word' id='word_1_402' title='bbox 446 4313 554 4368; x_wconf 72' lang='lat' dir='ltr'>legendum</span> <span class='ocrx_word' id='word_1_403' title='bbox 567 4313 712 4368; x_wconf 62' lang='lat' dir='ltr'>pac-dune.</span> 
     </span>
    </p>
   </div>
   <div class='ocr_carea' id='block_1_9' title="bbox 0 0 1977 5542">
    <p class='ocr_par' dir='ltr' id='par_1_9' title="bbox 0 0 1977 5542">
     <span class='ocr_line' id='line_1_40' title="bbox 0 0 1977 5542; baseline 0 0"><span class='ocrx_word' id='word_1_404' title='bbox 0 0 1977 5542; x_wconf 95' lang='lat' dir='ltr'> </span> 
     </span>
    </p>
   </div>
  </div>
 </body>
</html>
