3958 5540
1436 449 1467 504 91

308 559 386 630 pelle.
404 557 509 628 dequo
528 557 617 610 baum
635 555 715 610 tercia
733 571 792 626 pars
810 553 946 626 pemeniat
963 553 991 608 in
1010 553 1211 608 denunciatorec
1231 569 1277 608 seu
1296 565 1470 610 accussatores

309 659 337 700 et
354 646 406 700 alie
424 647 476 699 due
494 656 579 714 partes
596 643 625 696 in
643 659 759 696 comune
776 641 882 714 bugelle
899 643 933 695 Et
952 654 1084 711 ponantur
1101 641 1150 696 hec
1168 653 1263 696 stamta
1281 641 1309 695 iu
1328 641 1395 696 libro
1413 653 1469 696 sta·

308 745 427 786 mtomm
444 731 508 786 dicti
526 730 649 784 comunis
667 729 779 800 bugelle
798 731 831 784 Et
849 729 882 784 de
901 728 1022 800 predictis
1039 741 1187 784 accensator
1204 741 1231 782 et
1248 729 1418 784 denuntiator
1435 741 1470 782 te·

308 832 401 874 nentur
419 819 535 890 priuatus
552 830 580 872 et
596 817 716 874 credatur
733 817 955 872 accussationibus
973 817 1034 872 suls.

346 977 368 1028 5.
387 960 458 1014 Item
476 959 548 1029 quod
566 957 676 1028 quilibet
694 957 739 1028 qui
758 957 872 1012 uoluerit
889 957 986 1012 intrare
1004 957 1032 1010 in
1050 957 1121 1011 dicto
1148 955 1263 1028 collegio
1289 955 1469 1026 drapariomm

308 1047 390 1117 possit
407 1047 504 1100 Intrare
516 1045 579 1100 hinc
590 1045 624 1099 ad
637 1057 758 1100 sanctum
771 1044 928 1098 Michaelem
941 1045 1092 1114 proximum
1104 1044 1270 1098 obseruando
1281 1055 1377 1096 statuta
1388 1043 1470 1114 ipsius

307 1133 412 1205 collegii
432 1134 466 1187 Et
483 1133 529 1204 qui
548 1132 662 1187 uoluerit
680 1145 739 1202 post
766 1132 853 1202 ipsum
880 1132 1024 1186 terminum
1051 1131 1079 1186 in
1098 1130 1156 1200 ipso
1173 1130 1288 1201 collegio
1306 1130 1403 1184 iutrare
1420 1147 1467 1184 so·

307 1221 379 1276 lucre
397 1233 517 1274 teneatur
533 1220 605 1274 dicto
623 1219 737 1291 collegio
755 1219 854 1274 solidos
873 1217 928 1273 LX
947 1235 989 1289 pp.
999 1219 1032 1272 Et
1044 1217 1151 1272 cuilibet
1164 1217 1266 1271 consuli
1281 1217 1342 1272 dicti
1352 1217 1468 1288 collegii.

306 1308 413 1363 solidos.
432 1308 471 1362 II.
490 1308 594 1362 notario
612 1320 639 1361 et
657 1306 777 1361 semitori
795 1307 858 1360 dicti
877 1305 991 1376 collegii.
1010 1305 1126 1360 solidum
1144 1306 1168 1360 Ι.
1187 1321 1235 1375 ρτο
1266 1303 1393 1376 quolibet
1412 1305 1467 1368 Qui

306 1396 384 1450 solidi
403 1395 458 1450 Lx
477 1413 519 1466 pp.
537 1397 633 1449 dentur
650 1407 677 1450 et
694 1395 882 1448 distribuentur
899 1394 932 1448 ad
951 1393 1153 1448 substinendum
1171 1394 1272 1448 honera
1281 1392 1343 1446 dicti
1361 1392 1466 1464 collegij

306 1495 332 1538 et
349 1483 383 1536 ad
400 1483 606 1552 dispensandum
624 1497 672 1552 pro
690 1498 781 1536 amore
799 1481 842 1536 dei
861 1493 938 1552 pmut
956 1482 994 1536 eis
1011 1481 1107 1536 melius
1125 1480 1265 1535 uidebitur.
1369 1537 1373 1544 ,

340 1621 366 1676 6.
384 1623 456 1677 Item
473 1622 546 1692 quod
563 1637 657 1675 omnes
675 1621 708 1674 de
726 1621 783 1692 ipso
802 1621 916 1692 collegio
928 1633 1068 1675 teneantur
1081 1621 1167 1674 iurare
1179 1631 1274 1674 statuta
1286 1618 1349 1674 dicti
1361 1619 1466 1690 collegii

307 1709 374 1764 facta
393 1723 419 1764 et
436 1707 554 1762 facienda
572 1725 683 1762 semare
703 1707 864 1762 Consulibus
882 1709 997 1762 obedire.
1016 1709 1049 1762 Et
1067 1707 1191 1761 tanente
1203 1720 1294 1762 contin
1306 1707 1361 1777 ipsa
1373 1719 1468 1761 stntuta

307 1799 373 1868 ipsis
391 1797 543 1852 consulibus
561 1813 694 1850 acmssare
712 1796 754 1850 uel
773 1797 933 1849 denunciare
961 1795 1064 1866 publice
1092 1795 1134 1848 uel
1167 1793 1290 1864 priuatim
1317 1811 1347 1848 ac
1365 1794 1468 1848 soluere

308 1887 394 1938 banna
412 1897 439 1938 et
456 1885 601 1938 substinere
619 1883 719 1938 honera
729 1883 791 1936 dicti
801 1883 915 1954 collegii.
935 1899 982 1954 pro
993 1883 1088 1953 quibus
1100 1899 1193 1936 eorum
1207 1883 1276 1936 bona
1288 1881 1469 1951 intelllgantur

307 1971 423 2043 obligata
441 1972 530 2026 habita
548 1984 574 2025 et
598 1971 727 2025 habenda.

341 2125 366 2180 7.
385 2111 456 2166 Item
474 2111 546 2182 quod
564 2109 586 2164 si
604 2110 692 2182 aliqua
710 2126 821 2182 persona
839 2109 950 2164 forensis
967 2127 1020 2182 que
1038 2109 1140 2164 ueniret
1166 2109 1340 2164 habitandum
1367 2109 1395 2162 io
1414 2109 1466 2164 bu-

305 2199 374 2268 gella
393 2211 451 2268 post
469 2209 564 2252 statuta
582 2198 646 2251 dicti
664 2197 769 2268 collegij
789 2199 931 2268 appmbata
949 2213 1001 2268 que
1019 2198 1115 2251 intrare
1128 2197 1208 2252 uellet
1219 2196 1247 2250 in
1260 2197 1331 2252 dictu
1344 2196 1465 2268 collegio.

306 2287 436 2340 Consules
454 2287 517 2340 dicti
535 2284 640 2356 collegii
661 2287 773 2339 debeant
791 2285 876 2354 ipsam
895 2285 1008 2356 recipere
1020 2287 1186 2339 obseruando
1199 2285 1267 2338 dicta
1279 2297 1374 2338 statuta
1387 2285 1467 2354 ipsius

304 2373 419 2444 collegii.
439 2373 471 2426 Et
489 2373 619 2426 soluendo
637 2373 709 2426 dicto
727 2373 842 2441 collegio
860 2372 992 2426 florenum
1011 2388 1093 2425 vnum
1113 2373 1176 2426 boni
1194 2372 1251 2426 auri
1268 2371 1466 2426 ecusaIaciendi

304 2461 462 2514 elimoxinas
480 2473 506 2514 et
524 2477 572 2530 pro
590 2460 770 2514 substituendis
788 2461 932 2512 honeribus
950 2473 976 2513 et
994 2461 1170 2514 messionibus
1187 2459 1292 2530 collegii
1313 2459 1466 2528 prodiente

304 2547 410 2600 solidos.
430 2547 485 2601 111.
504 2546 612 2600 cuilibet
629 2563 661 2599 ex
680 2546 842 2610 consulibus,
861 2547 966 2600 notario
984 2559 1010 2600 et
1028 2548 1148 2601 semiton
1167 2547 1247 2617 ipsius
1274 2545 1378 2616 collegii
1398 2543 1465 2600 soli·

304 2635 360 2688 dos.
379 2634 418 2688 Il.
438 2651 479 2705 pp.
499 2651 546 2706 pro
564 2633 691 2704 quolibet

339 2775 364 2828 8.
384 2775 454 2830 Item
472 2773 544 2845 quod
563 2773 686 2828 consules
705 2773 767 2828 dicti
794 2773 900 2845 collegii
929 2789 991 2828 cum
1017 2773 1148 2846 aliquibus
1175 2773 1233 2846 aliis
1261 2773 1342 2846 ipsius
1360 2773 1465 2846 collegii

303 2878 370 2933 quos
389 2863 451 2916 dicti
469 2861 591 2916 consulet
612 2861 744 2932 requirere
764 2860 898 2915 uolucn'nt
915 2874 1054 2916 tenetnmr
1080 2879 1126 2932 per
1152 2879 1245 2916 eorum
1272 2873 1465 2916 sacramentum

303 2949 422 3020 quolibet
440 2965 545 3002 mensae
562 2948 644 3002 semel
663 2949 695 3002 ad
715 2949 804 3002 minus
823 2947 860 3002 ire
878 2949 910 3002 ad
929 2949 1025 3002 domos
1042 2950 1236 3004 habitationum
1255 2950 1393 3003 cuiuslibet
1411 2950 1467 3003 dra·

303 3036 367 3107 parij
387 3037 420 3090 de
438 3036 509 3090 dicto
527 3035 643 3106 collegio
660 3047 687 3088 et
704 3051 782 3105 super
798 3035 896 3090 solaria
915 3035 1032 3106 ipsomtn
1051 3037 1231 3106 drapariomm
1249 3049 1276 3090 et
1292 3037 1355 3091 alibi
1374 3036 1418 3090 ubi
1431 3036 1466 3089 la·

304 3123 427 3177 borarent
445 3123 478 3176 de
496 3122 586 3176 officio
604 3123 721 3192 drapane
739 3135 766 3177 et
783 3139 965 3195 quoscumque
983 3123 1134 3177 inuenerint
1151 3123 1274 3177 facientes
1299 3139 1417 3194 pannum
1435 3139 1465 3176 ac

304 3211 444 3265 uenientes
463 3222 553 3264 contra
580 3221 675 3264 statuta
702 3223 728 3264 et
755 3211 938 3264 ordinamenta
965 3210 1070 3282 collegii
1098 3211 1207 3282 predicti
1225 3223 1364 3264 teneanmr
1381 3209 1465 3264 facere

305 3298 429 3352 acordare
447 3299 534 3352 banna
552 3297 673 3351 ordinata
691 3298 837 3351 secundum
856 3296 969 3352 sormam
988 3309 1146 3352 stamtorum
1163 3297 1268 3368 collegii
1288 3297 1405 3368 predicti

343 3455 456 3526 9.1tem
476 3455 547 3526 quod
567 3455 678 3526 quilibet
695 3456 729 3508 de
747 3455 818 3508 dicto
836 3455 950 3525 collegio
968 3467 1088 3510 teneatur
1115 3474 1161 3526 per
1187 3457 1243 3510 elus
1270 3467 1463 3510 estrumentum

302 3541 461 3596 denunciare
478 3554 504 3594 et
522 3558 655 3596 accussare
673 3541 818 3612 quamlibet
836 3559 975 3612 personam
993 3543 1055 3597 dicti
1074 3542 1179 3612 collegii
1208 3559 1288 3614 quam
1315 3543 1392 3596 sciret
1410 3560 1461 3613 po·

302 3645 365 3682 nere
383 3629 425 3683 uel
445 3630 508 3699 poni
526 3629 610 3683 lacere
628 3629 734 3700 aliquod
755 3629 855 3683 malum
868 3630 951 3700 pllum
962 3629 1004 3684 uel
1024 3631 1122 3684 malam
1137 3631 1224 3684 lanam
1240 3631 1267 3684 iu
1287 3647 1375 3701 panno
1394 3631 1464 3682 Con·

303 3715 403 3770 sulibus
420 3715 483 3770 dicti
501 3717 605 3787 collegii
626 3730 652 3770 et
670 3733 751 3788 quam
769 3717 846 3770 sciret
863 3718 979 3770 uendere
997 3717 1039 3770 uel
1058 3735 1146 3772 emere
1164 3717 1207 3771 uel
1226 3719 1341 3772 uendere
1360 3717 1462 3770 malum

301 3819 419 3873 monum
438 3803 481 3857 uel
500 3803 598 3857 malam
618 3803 706 3858 lanum
725 3819 771 3858 seu
790 3803 874 3874 pilum
892 3805 925 3858 ad
944 3803 1099 3874 ponendum
1117 3805 1144 3858 in
1176 3820 1264 3875 panno
1292 3803 1463 3874 intelligatur.

302 3891 336 3944 Et
353 3903 492 3944 teneanmr
509 3890 572 3943 dicti
590 3890 712 3945 consules
730 3907 776 3960 per
793 3907 887 3944 eorum
905 3903 1098 3945 sacramentum
1117 3907 1211 3945 omnes
1229 3891 1267 3946 sic
1291 3892 1463 3946 denunciatus

304 3992 331 4032 et
348 3991 494 4032 accussatos
512 3994 645 4032 accussare
662 3978 815 4032 consulibus
833 3979 955 4032 comunIs
974 3979 1086 4048 bugelle.

338 4130 378 4170 ro.
397 4116 468 4172 Item
487 4117 559 4187 quod
578 4118 598 4170 si
619 4131 690 4187 pater
707 4117 817 4174 alicuius
836 4119 868 4170 sit
886 4119 920 4170 de
938 4117 1009 4169 dicto
1027 4117 1149 4185 collegio,
1169 4116 1215 4186 filij
1235 4117 1291 4173 eius
1315 4130 1341 4173 et
1359 4119 1463 4173 descen·

299 4203 392 4258 dentes
409 4205 442 4256 ab
461 4203 499 4256 eis
517 4220 621 4274 semper
639 4203 820 4273 intelligantur
837 4221 893 4258 esse
911 4205 944 4258 de
962 4203 1033 4258 dicto
1058 4205 1181 4274 collegio.
