<?xml version="1.0" encoding="UTF-8"?>
<!DOCTYPE html PUBLIC "-//W3C//DTD XHTML 1.0 Transitional//EN"
    "http://www.w3.org/TR/xhtml1/DTD/xhtml1-transitional.dtd">
<html xmlns="http://www.w3.org/1999/xhtml" xml:lang="en" lang="en">
 <head>
  <title>
</title>
<meta http-equiv="Content-Type" content="text/html;charset=utf-8" />
  <meta name='ocr-system' content='tesseract 3.04.00' />
  <meta name='ocr-capabilities' content='ocr_page ocr_carea ocr_par ocr_line ocrx_word'/>
</head>
<body>
  <div class='ocr_page' id='page_1' title='image "./statutacomunisb00sellgoog_0226.png"; bbox 0 0 3926 5542; ppageno 0'>
   <div class='ocr_carea' id='block_1_1' title="bbox 277 521 1445 792">
    <p class='ocr_par' dir='ltr' id='par_1_1' title="bbox 277 521 1445 792">
     <span class='ocr_line' id='line_1_1' title="bbox 1396 521 1442 577; baseline 0 -17"><span class='ocrx_word' id='word_1_1' title='bbox 1396 521 1442 577; x_wconf 86' lang='lat'>¹91</span> 
     </span>
     <span class='ocr_line' id='line_1_2' title="bbox 278 628 1445 702; baseline -0.002 -16"><span class='ocrx_word' id='word_1_2' title='bbox 278 647 345 702; x_wconf 88' lang='lat' dir='ltr'>pena</span> <span class='ocrx_word' id='word_1_3' title='bbox 364 630 530 686; x_wconf 87' lang='lat' dir='ltr'>homicidum</span> <span class='ocrx_word' id='word_1_4' title='bbox 549 631 717 686; x_wconf 80' lang='lat' dir='ltr'>cominentes</span> <span class='ocrx_word' id='word_1_5' title='bbox 735 631 899 701; x_wconf 84' lang='lat' dir='ltr'>disponente.</span> <span class='ocrx_word' id='word_1_6' title='bbox 920 629 1004 685; x_wconf 88' lang='lat' dir='ltr'>Cuius</span> <span class='ocrx_word' id='word_1_7' title='bbox 1031 629 1182 685; x_wconf 82' lang='lat' dir='ltr'>nullatenus</span> <span class='ocrx_word' id='word_1_8' title='bbox 1209 628 1372 701; x_wconf 73' lang='lat' dir='ltr'><strong>intelligatur</strong></span> <span class='ocrx_word' id='word_1_9' title='bbox 1389 645 1445 684; x_wconf 86' lang='lat' dir='ltr'>esse</span> 
     </span>
     <span class='ocr_line' id='line_1_3' title="bbox 277 719 1207 792; baseline -0.002 -18"><span class='ocrx_word' id='word_1_10' title='bbox 277 721 423 790; x_wconf 85' lang='lat' dir='ltr'>specialiter</span> <span class='ocrx_word' id='word_1_11' title='bbox 440 721 610 792; x_wconf 79' lang='lat' dir='ltr'>denegatum</span> <span class='ocrx_word' id='word_1_12' title='bbox 629 721 675 774; x_wconf 90' lang='lat' dir='ltr'>scd</span> <span class='ocrx_word' id='word_1_13' title='bbox 694 732 829 775; x_wconf 87' lang='lat' dir='ltr'>remaneat</span> <span class='ocrx_word' id='word_1_14' title='bbox 847 719 875 774; x_wconf 90' lang='lat' dir='ltr'>in</span> <span class='ocrx_word' id='word_1_15' title='bbox 893 719 934 774; x_wconf 86' lang='lat' dir='ltr'>sui</span> <span class='ocrx_word' id='word_1_16' title='bbox 954 719 1056 774; x_wconf 86' lang='lat' dir='ltr'>roboris</span> <span class='ocrx_word' id='word_1_17' title='bbox 1075 719 1207 772; x_wconf 71' lang='lat' dir='ltr'>firnritate.</span> 
     </span>
    </p>
   </div>
   <div class='ocr_carea' id='block_1_2' title="bbox 275 841 1445 1549">
    <p class='ocr_par' dir='ltr' id='par_1_2' title="bbox 279 841 1245 932">
     <span class='ocr_line' id='line_1_4' title="bbox 279 841 1245 932; baseline 0.001 -23"><span class='ocrx_word' id='word_1_18' title='bbox 279 861 330 929; x_wconf 84' lang='lat'>55.</span> <span class='ocrx_word' id='word_1_19' title='bbox 354 844 404 910; x_wconf 87' lang='lat' dir='ltr'>De</span> <span class='ocrx_word' id='word_1_20' title='bbox 426 865 507 932; x_wconf 87' lang='lat' dir='ltr'>pena</span> <span class='ocrx_word' id='word_1_21' title='bbox 530 845 740 932; x_wconf 78' lang='lat' dir='ltr'>percutientis</span> <span class='ocrx_word' id='word_1_22' title='bbox 764 843 966 910; x_wconf 85' lang='lat' dir='ltr'>meretricem</span> <span class='ocrx_word' id='word_1_23' title='bbox 991 841 1042 910; x_wconf 90' lang='lat' dir='ltr'>uel</span> <span class='ocrx_word' id='word_1_24' title='bbox 1065 841 1245 911; x_wconf 88' lang='lat' dir='ltr'>roffianum.</span> 
     </span>
    </p>

    <p class='ocr_par' dir='ltr' id='par_1_3' title="bbox 275 945 1445 1549">
     <span class='ocr_line' id='line_1_5' title="bbox 313 945 1445 1021; baseline 0 -19"><span class='ocrx_word' id='word_1_25' title='bbox 313 949 380 1004; x_wconf 87' lang='lat' dir='ltr'><strong>Item</strong></span> <span class='ocrx_word' id='word_1_26' title='bbox 397 945 531 1003; x_wconf 72' lang='lat' dir='ltr'>statutum·</span> <span class='ocrx_word' id='word_1_27' title='bbox 543 963 582 1003; x_wconf 88' lang='lat' dir='ltr'>est</span> <span class='ocrx_word' id='word_1_28' title='bbox 599 951 671 1020; x_wconf 92' lang='lat' dir='ltr'>quod</span> <span class='ocrx_word' id='word_1_29' title='bbox 690 950 712 1003; x_wconf 91' lang='lat' dir='ltr'>si</span> <span class='ocrx_word' id='word_1_30' title='bbox 731 951 790 1021; x_wconf 88' lang='lat' dir='ltr'>quis</span> <span class='ocrx_word' id='word_1_31' title='bbox 808 949 985 1003; x_wconf 89' lang='lat' dir='ltr'>uerbereuerit</span> <span class='ocrx_word' id='word_1_32' title='bbox 1003 948 1119 1019; x_wconf 86' lang='lat' dir='ltr'>aliquam</span> <span class='ocrx_word' id='word_1_33' title='bbox 1134 950 1299 1004; x_wconf 85' lang='lat' dir='ltr'>meretricem</span> <span class='ocrx_word' id='word_1_34' title='bbox 1313 947 1445 1018; x_wconf 87' lang='lat' dir='ltr'>publicem</span> 
     </span>
     <span class='ocr_line' id='line_1_6' title="bbox 277 1036 1440 1109; baseline 0 -19"><span class='ocrx_word' id='word_1_35' title='bbox 277 1036 319 1090; x_wconf 89' lang='lat' dir='ltr'>uel</span> <span class='ocrx_word' id='word_1_36' title='bbox 338 1037 470 1092; x_wconf 86' lang='lat' dir='ltr'>rofianum</span> <span class='ocrx_word' id='word_1_37' title='bbox 490 1037 625 1109; x_wconf 90' lang='lat' dir='ltr'>publicum</span> <span class='ocrx_word' id='word_1_38' title='bbox 644 1039 702 1092; x_wconf 89' lang='lat' dir='ltr'>sine</span> <span class='ocrx_word' id='word_1_39' title='bbox 720 1039 849 1108; x_wconf 86' lang='lat' dir='ltr'>sanguine</span> <span class='ocrx_word' id='word_1_40' title='bbox 868 1051 893 1091; x_wconf 90' lang='lat' dir='ltr'>et</span> <span class='ocrx_word' id='word_1_41' title='bbox 912 1038 969 1091; x_wconf 90' lang='lat' dir='ltr'>sine</span> <span class='ocrx_word' id='word_1_42' title='bbox 988 1037 1068 1090; x_wconf 90' lang='lat' dir='ltr'>ermis</span> <span class='ocrx_word' id='word_1_43' title='bbox 1087 1037 1211 1108; x_wconf 81' lang='lat' dir='ltr'>puniatur</span> <span class='ocrx_word' id='word_1_44' title='bbox 1228 1037 1255 1090; x_wconf 91' lang='lat' dir='ltr'>in</span> <span class='ocrx_word' id='word_1_45' title='bbox 1287 1038 1378 1090; x_wconf 87' lang='lat' dir='ltr'>solidis</span> <span class='ocrx_word' id='word_1_46' title='bbox 1396 1037 1440 1090; x_wconf 84' lang='lat' dir='ltr'>vi-</span> 
     </span>
     <span class='ocr_line' id='line_1_7' title="bbox 276 1125 1443 1196; baseline 0 -18"><span class='ocrx_word' id='word_1_47' title='bbox 276 1126 345 1196; x_wconf 81' lang='lat' dir='ltr'>ginti</span> <span class='ocrx_word' id='word_1_48' title='bbox 365 1125 539 1196; x_wconf 81' lang='lat' dir='ltr'>papiensium.</span> <span class='ocrx_word' id='word_1_49' title='bbox 559 1127 592 1179; x_wconf 87' lang='lat' dir='ltr'>Et</span> <span class='ocrx_word' id='word_1_50' title='bbox 611 1143 671 1180; x_wconf 93' lang='lat' dir='ltr'>cum</span> <span class='ocrx_word' id='word_1_51' title='bbox 690 1125 827 1196; x_wconf 83' lang='lat' dir='ltr'>sanguinis</span> <span class='ocrx_word' id='word_1_52' title='bbox 846 1125 975 1178; x_wconf 81' lang='lat' dir='ltr'>effusione</span> <span class='ocrx_word' id='word_1_53' title='bbox 993 1126 1142 1178; x_wconf 89' lang='lat' dir='ltr'>dummodo</span> <span class='ocrx_word' id='word_1_54' title='bbox 1162 1141 1216 1178; x_wconf 92' lang='lat' dir='ltr'>non</span> <span class='ocrx_word' id='word_1_55' title='bbox 1236 1125 1364 1180; x_wconf 87' lang='lat' dir='ltr'>moriatur</span> <span class='ocrx_word' id='word_1_56' title='bbox 1382 1142 1443 1195; x_wconf 90' lang='lat' dir='ltr'>per-</span> 
     </span>
     <span class='ocr_line' id='line_1_8' title="bbox 276 1213 1445 1283; baseline 0 -17"><span class='ocrx_word' id='word_1_57' title='bbox 276 1231 367 1267; x_wconf 86' lang='lat' dir='ltr'>cussus</span> <span class='ocrx_word' id='word_1_58' title='bbox 386 1213 428 1268; x_wconf 86' lang='lat' dir='ltr'>uel</span> <span class='ocrx_word' id='word_1_59' title='bbox 448 1215 599 1266; x_wconf 83' lang='lat' dir='ltr'>membrum</span> <span class='ocrx_word' id='word_1_60' title='bbox 627 1230 682 1267; x_wconf 93' lang='lat' dir='ltr'>non</span> <span class='ocrx_word' id='word_1_61' title='bbox 710 1215 815 1267; x_wconf 87' lang='lat' dir='ltr'>amittat</span> <span class='ocrx_word' id='word_1_62' title='bbox 842 1213 884 1266; x_wconf 87' lang='lat' dir='ltr'>uel</span> <span class='ocrx_word' id='word_1_63' title='bbox 912 1213 1063 1266; x_wconf 81' lang='lat' dir='ltr'>debilitetur</span> <span class='ocrx_word' id='word_1_64' title='bbox 1089 1214 1299 1283; x_wconf 87' lang='lat' dir='ltr'>condempnetur</span> <span class='ocrx_word' id='word_1_65' title='bbox 1325 1215 1353 1267; x_wconf 93' lang='lat' dir='ltr'>in</span> <span class='ocrx_word' id='word_1_66' title='bbox 1372 1213 1445 1266; x_wconf 87' lang='lat' dir='ltr'>libris</span> 
     </span>
     <span class='ocr_line' id='line_1_9' title="bbox 276 1300 1445 1373; baseline 0 -19"><span class='ocrx_word' id='word_1_67' title='bbox 276 1303 369 1356; x_wconf 89' lang='lat' dir='ltr'>decem</span> <span class='ocrx_word' id='word_1_68' title='bbox 387 1302 409 1356; x_wconf 90' lang='lat' dir='ltr'>si</span> <span class='ocrx_word' id='word_1_69' title='bbox 428 1303 490 1355; x_wconf 90' lang='lat' dir='ltr'>inde</span> <span class='ocrx_word' id='word_1_70' title='bbox 508 1303 676 1373; x_wconf 86' lang='lat' dir='ltr'>querimonia</span> <span class='ocrx_word' id='word_1_71' title='bbox 694 1301 818 1372; x_wconf 83' lang='lat' dir='ltr'>regimini</span> <span class='ocrx_word' id='word_1_72' title='bbox 837 1300 904 1354; x_wconf 81' lang='lat' dir='ltr'>secta</span> <span class='ocrx_word' id='word_1_73' title='bbox 922 1300 1068 1372; x_wconf 78' lang='lat' dir='ltr'>lueritalijs</span> <span class='ocrx_word' id='word_1_74' title='bbox 1081 1302 1184 1355; x_wconf 87' lang='lat' dir='ltr'>statutis</span> <span class='ocrx_word' id='word_1_75' title='bbox 1197 1318 1293 1371; x_wconf 89' lang='lat' dir='ltr'>penam</span> <span class='ocrx_word' id='word_1_76' title='bbox 1307 1301 1445 1372; x_wconf 92' lang='lat' dir='ltr'>imponen-</span> 
     </span>
     <span class='ocr_line' id='line_1_10' title="bbox 275 1388 1444 1460; baseline -0.002 -16"><span class='ocrx_word' id='word_1_77' title='bbox 275 1391 345 1444; x_wconf 84' lang='lat' dir='ltr'>tibus</span> <span class='ocrx_word' id='word_1_78' title='bbox 363 1390 585 1460; x_wconf 85' lang='lat' dir='ltr'>delinquentibus,</span> <span class='ocrx_word' id='word_1_79' title='bbox 604 1391 666 1444; x_wconf 93' lang='lat' dir='ltr'>Non</span> <span class='ocrx_word' id='word_1_80' title='bbox 685 1391 857 1443; x_wconf 81' lang='lat' dir='ltr'>obstantibus.</span> <span class='ocrx_word' id='word_1_81' title='bbox 878 1389 985 1452; x_wconf 87' lang='lat' dir='ltr'>Quibus</span> <span class='ocrx_word' id='word_1_82' title='bbox 1003 1389 1036 1442; x_wconf 87' lang='lat' dir='ltr'>sit</span> <span class='ocrx_word' id='word_1_83' title='bbox 1055 1407 1100 1460; x_wconf 90' lang='lat' dir='ltr'>per</span> <span class='ocrx_word' id='word_1_84' title='bbox 1118 1388 1170 1442; x_wconf 92' lang='lat' dir='ltr'>hoc</span> <span class='ocrx_word' id='word_1_85' title='bbox 1190 1401 1310 1442; x_wconf 76' lang='lat' dir='ltr'>excetra</span> <span class='ocrx_word' id='word_1_86' title='bbox 1336 1391 1444 1442; x_wconf 84' lang='lat' dir='ltr'>scientia</span> 
     </span>
     <span class='ocr_line' id='line_1_11' title="bbox 275 1479 453 1549; baseline -0.006 -16"><span class='ocrx_word' id='word_1_87' title='bbox 275 1479 453 1549; x_wconf 82' lang='lat' dir='ltr'>dermgetum.</span> 
     </span>
    </p>
   </div>
   <div class='ocr_carea' id='block_1_3' title="bbox 276 1597 1444 2376">
    <p class='ocr_par' dir='ltr' id='par_1_4' title="bbox 278 1597 1399 1688">
     <span class='ocr_line' id='line_1_12' title="bbox 278 1597 1399 1688; baseline -0.001 -20"><span class='ocrx_word' id='word_1_88' title='bbox 278 1603 328 1684; x_wconf 87' lang='lat'>56.</span> <span class='ocrx_word' id='word_1_89' title='bbox 353 1599 453 1680; x_wconf 92' lang='lat' dir='ltr'>Quod</span> <span class='ocrx_word' id='word_1_90' title='bbox 476 1599 582 1668; x_wconf 88' lang='lat' dir='ltr'>nullus</span> <span class='ocrx_word' id='word_1_91' title='bbox 606 1601 709 1687; x_wconf 87' lang='lat' dir='ltr'>possit</span> <span class='ocrx_word' id='word_1_92' title='bbox 731 1598 858 1666; x_wconf 87' lang='lat' dir='ltr'>obicere</span> <span class='ocrx_word' id='word_1_93' title='bbox 881 1597 933 1666; x_wconf 89' lang='lat' dir='ltr'>uel</span> <span class='ocrx_word' id='word_1_94' title='bbox 956 1617 1063 1688; x_wconf 87' lang='lat' dir='ltr'>petere</span> <span class='ocrx_word' id='word_1_95' title='bbox 1087 1601 1399 1687; x_wconf 86' lang='lat' dir='ltr'>compensationem.</span> 
     </span>
    </p>

    <p class='ocr_par' dir='ltr' id='par_1_5' title="bbox 276 1705 1444 2376">
     <span class='ocr_line' id='line_1_13' title="bbox 311 1705 1444 1777; baseline 0.002 -19"><span class='ocrx_word' id='word_1_96' title='bbox 311 1707 379 1759; x_wconf 83' lang='lat' dir='ltr'>ltenr</span> <span class='ocrx_word' id='word_1_97' title='bbox 398 1717 524 1759; x_wconf 89' lang='lat' dir='ltr'>statutum</span> <span class='ocrx_word' id='word_1_98' title='bbox 543 1706 672 1777; x_wconf 77' lang='lat' dir='ltr'>estquod</span> <span class='ocrx_word' id='word_1_99' title='bbox 691 1705 764 1759; x_wconf 91' lang='lat' dir='ltr'>nulla</span> <span class='ocrx_word' id='word_1_100' title='bbox 783 1722 893 1776; x_wconf 88' lang='lat' dir='ltr'>persona</span> <span class='ocrx_word' id='word_1_101' title='bbox 912 1723 964 1776; x_wconf 91' lang='lat' dir='ltr'>que</span> <span class='ocrx_word' id='word_1_102' title='bbox 981 1723 1013 1758; x_wconf 88' lang='lat' dir='ltr'>err</span> <span class='ocrx_word' id='word_1_103' title='bbox 1034 1705 1124 1776; x_wconf 90' lang='lat' dir='ltr'>aliquo</span> <span class='ocrx_word' id='word_1_104' title='bbox 1136 1705 1268 1760; x_wconf 85' lang='lat' dir='ltr'>maleficio</span> <span class='ocrx_word' id='word_1_105' title='bbox 1281 1723 1386 1760; x_wconf 80' lang='lat' dir='ltr'>excessu</span> <span class='ocrx_word' id='word_1_106' title='bbox 1401 1706 1444 1760; x_wconf 91' lang='lat' dir='ltr'>uel</span> 
     </span>
     <span class='ocr_line' id='line_1_14' title="bbox 276 1791 1443 1863; baseline 0.002 -19"><span class='ocrx_word' id='word_1_107' title='bbox 276 1792 374 1845; x_wconf 90' lang='lat' dir='ltr'>delicto</span> <span class='ocrx_word' id='word_1_108' title='bbox 393 1791 470 1846; x_wconf 83' lang='lat' dir='ltr'>suerit</span> <span class='ocrx_word' id='word_1_109' title='bbox 489 1794 683 1862; x_wconf 89' lang='lat' dir='ltr'>condempnata</span> <span class='ocrx_word' id='word_1_110' title='bbox 697 1794 729 1846; x_wconf 89' lang='lat' dir='ltr'>ed</span> <span class='ocrx_word' id='word_1_111' title='bbox 743 1793 902 1846; x_wconf 90' lang='lat' dir='ltr'>soluendum</span> <span class='ocrx_word' id='word_1_112' title='bbox 915 1793 1032 1863; x_wconf 87' lang='lat' dir='ltr'>aliquem</span> <span class='ocrx_word' id='word_1_113' title='bbox 1044 1795 1315 1863; x_wconf 86' lang='lat' dir='ltr'>condempnationem</span> <span class='ocrx_word' id='word_1_114' title='bbox 1325 1793 1443 1848; x_wconf 90' lang='lat' dir='ltr'>Comuni</span> 
     </span>
     <span class='ocr_line' id='line_1_15' title="bbox 277 1879 1443 1952; baseline 0.003 -21"><span class='ocrx_word' id='word_1_115' title='bbox 277 1879 319 1932; x_wconf 92' lang='lat' dir='ltr'>uel</span> <span class='ocrx_word' id='word_1_116' title='bbox 339 1879 464 1935; x_wconf 81' lang='lat' dir='ltr'>Cleuerio</span> <span class='ocrx_word' id='word_1_117' title='bbox 483 1881 592 1950; x_wconf 77' lang='lat' dir='ltr'>liugelle</span> <span class='ocrx_word' id='word_1_118' title='bbox 611 1881 693 1951; x_wconf 88' lang='lat' dir='ltr'>possit</span> <span class='ocrx_word' id='word_1_119' title='bbox 711 1881 814 1934; x_wconf 90' lang='lat' dir='ltr'>obicere</span> <span class='ocrx_word' id='word_1_120' title='bbox 842 1893 929 1950; x_wconf 88' lang='lat' dir='ltr'>petere</span> <span class='ocrx_word' id='word_1_121' title='bbox 956 1881 998 1934; x_wconf 90' lang='lat' dir='ltr'>uel</span> <span class='ocrx_word' id='word_1_122' title='bbox 1018 1883 1149 1951; x_wconf 84' lang='lat' dir='ltr'>requirere</span> <span class='ocrx_word' id='word_1_123' title='bbox 1176 1882 1288 1952; x_wconf 88' lang='lat' dir='ltr'>quodsi</span> <span class='ocrx_word' id='word_1_124' title='bbox 1309 1883 1377 1950; x_wconf 84' lang='lat' dir='ltr'>[sibi]</span> <span class='ocrx_word' id='word_1_125' title='bbox 1398 1881 1443 1935; x_wconf 87' lang='lat' dir='ltr'>fiat</span> 
     </span>
     <span class='ocr_line' id='line_1_16' title="bbox 276 1967 1442 2040; baseline 0.003 -20"><span class='ocrx_word' id='word_1_126' title='bbox 276 1967 363 2038; x_wconf 87' lang='lat' dir='ltr'>eliqua</span> <span class='ocrx_word' id='word_1_127' title='bbox 382 1971 563 2040; x_wconf 83' lang='lat' dir='ltr'>compensatio</span> <span class='ocrx_word' id='word_1_128' title='bbox 582 1969 609 2022; x_wconf 92' lang='lat' dir='ltr'>in</span> <span class='ocrx_word' id='word_1_129' title='bbox 628 1969 763 2022; x_wconf 85' lang='lat' dir='ltr'>solutione</span> <span class='ocrx_word' id='word_1_130' title='bbox 790 1969 859 2022; x_wconf 90' lang='lat' dir='ltr'>dicte</span> <span class='ocrx_word' id='word_1_131' title='bbox 887 1969 1135 2038; x_wconf 79' lang='lat' dir='ltr'>condempnationis</span> <span class='ocrx_word' id='word_1_132' title='bbox 1165 1971 1198 2022; x_wconf 88' lang='lat' dir='ltr'>de</span> <span class='ocrx_word' id='word_1_133' title='bbox 1226 1970 1316 2040; x_wconf 89' lang='lat' dir='ltr'>aliquo</span> <span class='ocrx_word' id='word_1_134' title='bbox 1343 1970 1442 2024; x_wconf 93' lang='lat' dir='ltr'>credito</span> 
     </span>
     <span class='ocr_line' id='line_1_17' title="bbox 277 2056 1443 2128; baseline 0.001 -19"><span class='ocrx_word' id='word_1_135' title='bbox 277 2057 348 2127; x_wconf 92' lang='lat' dir='ltr'>quod</span> <span class='ocrx_word' id='word_1_136' title='bbox 368 2057 422 2127; x_wconf 92' lang='lat' dir='ltr'>ipse</span> <span class='ocrx_word' id='word_1_137' title='bbox 441 2059 651 2128; x_wconf 79' lang='lat' dir='ltr'>condempnatus</span> <span class='ocrx_word' id='word_1_138' title='bbox 662 2056 703 2110; x_wconf 92' lang='lat' dir='ltr'>uel</span> <span class='ocrx_word' id='word_1_139' title='bbox 714 2057 764 2110; x_wconf 87' lang='lat' dir='ltr'>alia</span> <span class='ocrx_word' id='word_1_140' title='bbox 775 2073 885 2128; x_wconf 86' lang='lat' dir='ltr'>persona</span> <span class='ocrx_word' id='word_1_141' title='bbox 903 2057 999 2110; x_wconf 88' lang='lat' dir='ltr'>babere</span> <span class='ocrx_word' id='word_1_142' title='bbox 1011 2059 1117 2111; x_wconf 86' lang='lat' dir='ltr'>deberet</span> <span class='ocrx_word' id='word_1_143' title='bbox 1129 2076 1144 2110; x_wconf 89' lang='lat' dir='ltr'>e</span> <span class='ocrx_word' id='word_1_144' title='bbox 1157 2059 1265 2110; x_wconf 91' lang='lat' dir='ltr'>comuni</span> <span class='ocrx_word' id='word_1_145' title='bbox 1276 2074 1443 2128; x_wconf 85' lang='lat' dir='ltr'>quecumque</span> 
     </span>
     <span class='ocr_line' id='line_1_18' title="bbox 276 2145 1442 2215; baseline 0.001 -18"><span class='ocrx_word' id='word_1_146' title='bbox 276 2145 310 2197; x_wconf 89' lang='lat' dir='ltr'>de</span> <span class='ocrx_word' id='word_1_147' title='bbox 328 2161 404 2198; x_wconf 88' lang='lat' dir='ltr'>causa</span> <span class='ocrx_word' id='word_1_148' title='bbox 424 2147 469 2198; x_wconf 86' lang='lat' dir='ltr'>sed</span> <span class='ocrx_word' id='word_1_149' title='bbox 489 2147 573 2215; x_wconf 91' lang='lat' dir='ltr'>ipsam</span> <span class='ocrx_word' id='word_1_150' title='bbox 587 2145 858 2215; x_wconf 87' lang='lat' dir='ltr'>condempnationem</span> <span class='ocrx_word' id='word_1_151' title='bbox 871 2145 998 2199; x_wconf 89' lang='lat' dir='ltr'>omnibus</span> <span class='ocrx_word' id='word_1_152' title='bbox 1010 2146 1208 2214; x_wconf 84' lang='lat' dir='ltr'>exceptionibus</span> <span class='ocrx_word' id='word_1_153' title='bbox 1221 2147 1329 2198; x_wconf 89' lang='lat' dir='ltr'>remotis</span> <span class='ocrx_word' id='word_1_154' title='bbox 1339 2145 1442 2198; x_wconf 89' lang='lat' dir='ltr'>soluere</span> 
     </span>
     <span class='ocr_line' id='line_1_19' title="bbox 276 2231 1443 2306; baseline -0.001 -21"><span class='ocrx_word' id='word_1_155' title='bbox 276 2245 397 2286; x_wconf 88' lang='lat' dir='ltr'>teneatur</span> <span class='ocrx_word' id='word_1_156' title='bbox 414 2245 440 2286; x_wconf 93' lang='lat' dir='ltr'>et</span> <span class='ocrx_word' id='word_1_157' title='bbox 459 2234 511 2286; x_wconf 92' lang='lat' dir='ltr'>hoc</span> <span class='ocrx_word' id='word_1_158' title='bbox 529 2248 585 2286; x_wconf 89' lang='lat' dir='ltr'>non</span> <span class='ocrx_word' id='word_1_159' title='bbox 605 2233 728 2286; x_wconf 90' lang='lat' dir='ltr'>uendicet</span> <span class='ocrx_word' id='word_1_160' title='bbox 746 2233 796 2286; x_wconf 88' lang='lat' dir='ltr'>sibi</span> <span class='ocrx_word' id='word_1_161' title='bbox 816 2232 906 2286; x_wconf 86' lang='lat' dir='ltr'>locum</span> <span class='ocrx_word' id='word_1_162' title='bbox 924 2233 946 2286; x_wconf 87' lang='lat' dir='ltr'>si</span> <span class='ocrx_word' id='word_1_163' title='bbox 965 2233 1121 2306; x_wconf 87' lang='lat' dir='ltr'>delinquens</span> <span class='ocrx_word' id='word_1_164' title='bbox 1140 2231 1236 2286; x_wconf 90' lang='lat' dir='ltr'>bebere</span> <span class='ocrx_word' id='word_1_165' title='bbox 1254 2232 1443 2286; x_wconf 88' lang='lat' dir='ltr'>deberetacla·</span> 
     </span>
     <span class='ocr_line' id='line_1_20' title="bbox 277 2321 580 2376; baseline 0 -2"><span class='ocrx_word' id='word_1_166' title='bbox 277 2321 351 2374; x_wconf 90' lang='lat' dir='ltr'>uario</span> <span class='ocrx_word' id='word_1_167' title='bbox 370 2333 432 2375; x_wconf 89' lang='lat' dir='ltr'>tunc</span> <span class='ocrx_word' id='word_1_168' title='bbox 450 2321 580 2376; x_wconf 76' lang='lat' dir='ltr'>existenti.</span> 
     </span>
    </p>
   </div>
   <div class='ocr_carea' id='block_1_4' title="bbox 278 2441 1441 2532">
    <p class='ocr_par' dir='ltr' id='par_1_6' title="bbox 278 2441 1441 2532">
     <span class='ocr_line' id='line_1_21' title="bbox 278 2441 1441 2532; baseline 0 -22"><span class='ocrx_word' id='word_1_169' title='bbox 278 2463 329 2528; x_wconf 84' lang='lat'>57.</span> <span class='ocrx_word' id='word_1_170' title='bbox 353 2445 402 2510; x_wconf 89' lang='lat' dir='ltr'>De</span> <span class='ocrx_word' id='word_1_171' title='bbox 426 2466 508 2531; x_wconf 86' lang='lat' dir='ltr'>pena</span> <span class='ocrx_word' id='word_1_172' title='bbox 532 2465 598 2512; x_wconf 91' lang='lat' dir='ltr'>non</span> <span class='ocrx_word' id='word_1_173' title='bbox 622 2443 787 2532; x_wconf 90' lang='lat' dir='ltr'>probantis</span> <span class='ocrx_word' id='word_1_174' title='bbox 810 2445 1052 2510; x_wconf 85' lang='lat' dir='ltr'>accusecionern</span> <span class='ocrx_word' id='word_1_175' title='bbox 1077 2441 1128 2510; x_wconf 90' lang='lat' dir='ltr'>uel</span> <span class='ocrx_word' id='word_1_176' title='bbox 1151 2443 1340 2511; x_wconf 87' lang='lat' dir='ltr'>denunciam</span> <span class='ocrx_word' id='word_1_177' title='bbox 1356 2443 1441 2511; x_wconf 87' lang='lat' dir='ltr'>etde</span> 
     </span>
    </p>
   </div>
   <div class='ocr_carea' id='block_1_5' title="bbox 320 2547 1021 2638">
    <p class='ocr_par' dir='ltr' id='par_1_7' title="bbox 320 2547 1021 2638">
     <span class='ocr_line' id='line_1_22' title="bbox 320 2547 1021 2638; baseline 0.003 -24"><span class='ocrx_word' id='word_1_178' title='bbox 320 2551 487 2616; x_wconf 85' lang='lat' dir='ltr'>securitate</span> <span class='ocrx_word' id='word_1_179' title='bbox 511 2548 614 2616; x_wconf 85' lang='lat' dir='ltr'>denda</span> <span class='ocrx_word' id='word_1_180' title='bbox 637 2548 676 2616; x_wconf 88' lang='lat' dir='ltr'>de</span> <span class='ocrx_word' id='word_1_181' title='bbox 699 2550 767 2637; x_wconf 89' lang='lat' dir='ltr'>ipse</span> <span class='ocrx_word' id='word_1_182' title='bbox 790 2547 1021 2638; x_wconf 81' lang='lat' dir='ltr'>prosequenda</span> 
     </span>
    </p>
   </div>
   <div class='ocr_carea' id='block_1_6' title="bbox 273 2654 1442 4393">
    <p class='ocr_par' dir='ltr' id='par_1_8' title="bbox 273 2654 1442 4393">
     <span class='ocr_line' id='line_1_23' title="bbox 312 2654 1442 2726; baseline 0.002 -20"><span class='ocrx_word' id='word_1_183' title='bbox 312 2654 379 2708; x_wconf 90' lang='lat' dir='ltr'>ltem</span> <span class='ocrx_word' id='word_1_184' title='bbox 397 2667 524 2708; x_wconf 87' lang='lat' dir='ltr'>statutum</span> <span class='ocrx_word' id='word_1_185' title='bbox 543 2667 590 2718; x_wconf 87' lang='lat' dir='ltr'>est,</span> <span class='ocrx_word' id='word_1_186' title='bbox 610 2654 691 2717; x_wconf 91' lang='lat' dir='ltr'>Quod</span> <span class='ocrx_word' id='word_1_187' title='bbox 711 2655 732 2707; x_wconf 92' lang='lat' dir='ltr'>si</span> <span class='ocrx_word' id='word_1_188' title='bbox 747 2655 806 2726; x_wconf 90' lang='lat' dir='ltr'>quis</span> <span class='ocrx_word' id='word_1_189' title='bbox 816 2655 1017 2709; x_wconf 87' lang='lat' dir='ltr'>denunciauetit</span> <span class='ocrx_word' id='word_1_190' title='bbox 1025 2655 1067 2708; x_wconf 85' lang='lat' dir='ltr'>vel</span> <span class='ocrx_word' id='word_1_191' title='bbox 1086 2655 1374 2725; x_wconf 88' lang='lat' dir='ltr'>accusaueriteliquam</span> <span class='ocrx_word' id='word_1_192' title='bbox 1388 2671 1442 2726; x_wconf 87' lang='lat' dir='ltr'>per·</span> 
     </span>
     <span class='ocr_line' id='line_1_24' title="bbox 277 2742 1442 2814; baseline 0.002 -20"><span class='ocrx_word' id='word_1_193' title='bbox 277 2757 370 2795; x_wconf 91' lang='lat' dir='ltr'>sonam</span> <span class='ocrx_word' id='word_1_194' title='bbox 389 2743 422 2795; x_wconf 89' lang='lat' dir='ltr'>de</span> <span class='ocrx_word' id='word_1_195' title='bbox 440 2743 530 2813; x_wconf 91' lang='lat' dir='ltr'>aliquo</span> <span class='ocrx_word' id='word_1_196' title='bbox 549 2742 680 2796; x_wconf 86' lang='lat' dir='ltr'>maleficio</span> <span class='ocrx_word' id='word_1_197' title='bbox 699 2761 730 2796; x_wconf 88' lang='lat' dir='ltr'>ex</span> <span class='ocrx_word' id='word_1_198' title='bbox 749 2759 803 2812; x_wconf 88' lang='lat' dir='ltr'>quo</span> <span class='ocrx_word' id='word_1_199' title='bbox 821 2756 956 2796; x_wconf 81' lang='lat' dir='ltr'>accusatus</span> <span class='ocrx_word' id='word_1_200' title='bbox 975 2746 1077 2796; x_wconf 90' lang='lat' dir='ltr'>ueniret</span> <span class='ocrx_word' id='word_1_201' title='bbox 1097 2744 1192 2796; x_wconf 88' lang='lat' dir='ltr'>ultimo</span> <span class='ocrx_word' id='word_1_202' title='bbox 1212 2745 1304 2796; x_wconf 88' lang='lat' dir='ltr'>mortis</span> <span class='ocrx_word' id='word_1_203' title='bbox 1317 2744 1442 2814; x_wconf 90' lang='lat' dir='ltr'>supplitio</span> 
     </span>
     <span class='ocr_line' id='line_1_25' title="bbox 276 2831 1441 2900; baseline 0.002 -20"><span class='ocrx_word' id='word_1_204' title='bbox 276 2831 513 2899; x_wconf 72' lang='lat' dir='ltr'>condempnandos</span> <span class='ocrx_word' id='word_1_205' title='bbox 531 2831 552 2883; x_wconf 91' lang='lat' dir='ltr'>si</span> <span class='ocrx_word' id='word_1_206' title='bbox 572 2831 703 2884; x_wconf 88' lang='lat' dir='ltr'>accusatio</span> <span class='ocrx_word' id='word_1_207' title='bbox 723 2832 884 2900; x_wconf 78' lang='lat' dir='ltr'>probaretur,</span> <span class='ocrx_word' id='word_1_208' title='bbox 905 2831 937 2884; x_wconf 86' lang='lat' dir='ltr'>Et</span> <span class='ocrx_word' id='word_1_209' title='bbox 956 2832 983 2884; x_wconf 92' lang='lat' dir='ltr'>in</span> <span class='ocrx_word' id='word_1_210' title='bbox 1004 2831 1160 2900; x_wconf 84' lang='lat' dir='ltr'>probatione</span> <span class='ocrx_word' id='word_1_211' title='bbox 1179 2834 1239 2885; x_wconf 88' lang='lat' dir='ltr'>date</span> <span class='ocrx_word' id='word_1_212' title='bbox 1269 2831 1441 2884; x_wconf 82' lang='lat' dir='ltr'>accusationis</span> 
     </span>
     <span class='ocr_line' id='line_1_26' title="bbox 278 2917 1441 2990; baseline 0.002 -22"><span class='ocrx_word' id='word_1_213' title='bbox 278 2917 319 2969; x_wconf 88' lang='lat' dir='ltr'>uel</span> <span class='ocrx_word' id='word_1_214' title='bbox 339 2919 469 2970; x_wconf 89' lang='lat' dir='ltr'>denuncie</span> <span class='ocrx_word' id='word_1_215' title='bbox 488 2918 610 2970; x_wconf 82' lang='lat' dir='ltr'>deiecerit</span> <span class='ocrx_word' id='word_1_216' title='bbox 630 2919 671 2970; x_wconf 88' lang='lat' dir='ltr'>uel</span> <span class='ocrx_word' id='word_1_217' title='bbox 692 2920 724 2971; x_wconf 88' lang='lat' dir='ltr'>ab</span> <span class='ocrx_word' id='word_1_218' title='bbox 743 2936 773 2970; x_wconf 80' lang='lat' dir='ltr'>ee</span> <span class='ocrx_word' id='word_1_219' title='bbox 792 2920 930 2982; x_wconf 78' lang='lat' dir='ltr'>destiterit,</span> <span class='ocrx_word' id='word_1_220' title='bbox 950 2921 1161 2988; x_wconf 80' lang='lat' dir='ltr'>condempnetur</span> <span class='ocrx_word' id='word_1_221' title='bbox 1180 2937 1226 2990; x_wconf 92' lang='lat' dir='ltr'>pro</span> <span class='ocrx_word' id='word_1_222' title='bbox 1244 2920 1360 2990; x_wconf 82' lang='lat' dir='ltr'>quelibet</span> <span class='ocrx_word' id='word_1_223' title='bbox 1384 2921 1441 2971; x_wconf 86' lang='lat' dir='ltr'>uice</span> 
     </span>
     <span class='ocr_line' id='line_1_27' title="bbox 277 3006 1439 3076; baseline 0.002 -20"><span class='ocrx_word' id='word_1_224' title='bbox 277 3017 303 3056; x_wconf 89' lang='lat' dir='ltr'>et</span> <span class='ocrx_word' id='word_1_225' title='bbox 321 3006 437 3074; x_wconf 89' lang='lat' dir='ltr'>quelibet</span> <span class='ocrx_word' id='word_1_226' title='bbox 455 3007 586 3058; x_wconf 84' lang='lat' dir='ltr'>denuucie</span> <span class='ocrx_word' id='word_1_227' title='bbox 605 3023 651 3058; x_wconf 88' lang='lat' dir='ltr'>seu</span> <span class='ocrx_word' id='word_1_228' title='bbox 670 3007 836 3058; x_wconf 83' lang='lat' dir='ltr'>accusatione</span> <span class='ocrx_word' id='word_1_229' title='bbox 856 3007 884 3058; x_wconf 92' lang='lat' dir='ltr'>ln</span> <span class='ocrx_word' id='word_1_230' title='bbox 905 3007 976 3058; x_wconf 90' lang='lat' dir='ltr'>libris</span> <span class='ocrx_word' id='word_1_231' title='bbox 1006 3009 1150 3060; x_wconf 90' lang='lat' dir='ltr'>ducentum</span> <span class='ocrx_word' id='word_1_232' title='bbox 1170 3006 1343 3076; x_wconf 86' lang='lat' dir='ltr'>papiensium.</span> <span class='ocrx_word' id='word_1_233' title='bbox 1363 3007 1394 3060; x_wconf 86' lang='lat' dir='ltr'>Et</span> <span class='ocrx_word' id='word_1_234' title='bbox 1414 3009 1439 3058; x_wconf 94' lang='lat' dir='ltr'>in</span> 
     </span>
     <span class='ocr_line' id='line_1_28' title="bbox 276 3091 1441 3164; baseline 0.001 -19"><span class='ocrx_word' id='word_1_235' title='bbox 276 3093 396 3161; x_wconf 84' lang='lat' dir='ltr'>expensis</span> <span class='ocrx_word' id='word_1_236' title='bbox 415 3091 487 3145; x_wconf 85' lang='lat' dir='ltr'>lectis</span> <span class='ocrx_word' id='word_1_237' title='bbox 506 3109 551 3163; x_wconf 87' lang='lat' dir='ltr'>per</span> <span class='ocrx_word' id='word_1_238' title='bbox 578 3107 736 3146; x_wconf 87' lang='lat' dir='ltr'>accusatum.</span> <span class='ocrx_word' id='word_1_239' title='bbox 765 3095 792 3147; x_wconf 91' lang='lat' dir='ltr'>Si</span> <span class='ocrx_word' id='word_1_240' title='bbox 825 3110 888 3146; x_wconf 87' lang='lat' dir='ltr'>uero</span> <span class='ocrx_word' id='word_1_241' title='bbox 908 3093 952 3146; x_wconf 89' lang='lat' dir='ltr'>ille</span> <span class='ocrx_word' id='word_1_242' title='bbox 970 3107 1037 3146; x_wconf 77' lang='lat' dir='ltr'>esset</span> <span class='ocrx_word' id='word_1_243' title='bbox 1065 3094 1165 3147; x_wconf 88' lang='lat' dir='ltr'>crimen</span> <span class='ocrx_word' id='word_1_244' title='bbox 1184 3113 1215 3147; x_wconf 82' lang='lat' dir='ltr'>er</span> <span class='ocrx_word' id='word_1_245' title='bbox 1234 3107 1441 3164; x_wconf 78' lang='lat' dir='ltr'>quo-accusatus</span> 
     </span>
     <span class='ocr_line' id='line_1_29' title="bbox 276 3181 1440 3251; baseline 0.002 -19"><span class='ocrx_word' id='word_1_246' title='bbox 276 3181 332 3233; x_wconf 88' lang='lat' dir='ltr'>siue</span> <span class='ocrx_word' id='word_1_247' title='bbox 351 3182 524 3234; x_wconf 86' lang='lat' dir='ltr'>denunciatus</span> <span class='ocrx_word' id='word_1_248' title='bbox 541 3198 597 3234; x_wconf 91' lang='lat' dir='ltr'>non</span> <span class='ocrx_word' id='word_1_249' title='bbox 608 3183 712 3234; x_wconf 85' lang='lat' dir='ltr'>deberet</span> <span class='ocrx_word' id='word_1_250' title='bbox 724 3182 817 3234; x_wconf 78' lang='lat' dir='ltr'>ultimo</span> <span class='ocrx_word' id='word_1_251' title='bbox 829 3182 920 3234; x_wconf 85' lang='lat' dir='ltr'>mortis</span> <span class='ocrx_word' id='word_1_252' title='bbox 931 3181 1059 3251; x_wconf 90' lang='lat' dir='ltr'>supplicio</span> <span class='ocrx_word' id='word_1_253' title='bbox 1079 3183 1173 3250; x_wconf 82' lang='lat' dir='ltr'>puniri,</span> <span class='ocrx_word' id='word_1_254' title='bbox 1187 3183 1238 3235; x_wconf 87' lang='lat' dir='ltr'>Sed</span> <span class='ocrx_word' id='word_1_255' title='bbox 1258 3195 1360 3234; x_wconf 89' lang='lat' dir='ltr'>tantum</span> <span class='ocrx_word' id='word_1_256' title='bbox 1375 3199 1440 3251; x_wconf 87' lang='lat' dir='ltr'>pena</span> 
     </span>
     <span class='ocr_line' id='line_1_30' title="bbox 277 3269 1441 3338; baseline 0.003 -19"><span class='ocrx_word' id='word_1_257' title='bbox 277 3269 413 3337; x_wconf 75' lang='lat' dir='ltr'>sanguinis</span> <span class='ocrx_word' id='word_1_258' title='bbox 432 3269 515 3336; x_wconf 82' lang='lat' dir='ltr'>ingeri</span> <span class='ocrx_word' id='word_1_259' title='bbox 535 3269 649 3332; x_wconf 79' lang='lat' dir='ltr'>deberet,</span> <span class='ocrx_word' id='word_1_260' title='bbox 669 3271 887 3338; x_wconf 84' lang='lat' dir='ltr'>Condampnetur</span> <span class='ocrx_word' id='word_1_261' title='bbox 905 3283 1040 3322; x_wconf 81' lang='lat' dir='ltr'>accusator</span> <span class='ocrx_word' id='word_1_262' title='bbox 1059 3270 1100 3322; x_wconf 87' lang='lat' dir='ltr'>uel</span> <span class='ocrx_word' id='word_1_263' title='bbox 1120 3269 1300 3332; x_wconf 88' lang='lat' dir='ltr'>denuncietor,</span> <span class='ocrx_word' id='word_1_264' title='bbox 1320 3271 1349 3324; x_wconf 93' lang='lat' dir='ltr'>ln</span> <span class='ocrx_word' id='word_1_265' title='bbox 1370 3270 1441 3322; x_wconf 85' lang='lat' dir='ltr'>libris</span> 
     </span>
     <span class='ocr_line' id='line_1_31' title="bbox 276 3355 1441 3428; baseline 0.001 -21"><span class='ocrx_word' id='word_1_266' title='bbox 276 3369 383 3408; x_wconf 89' lang='lat' dir='ltr'>centurn</span> <span class='ocrx_word' id='word_1_267' title='bbox 404 3355 569 3425; x_wconf 84' lang='lat' dir='ltr'>papiensium</span> <span class='ocrx_word' id='word_1_268' title='bbox 588 3369 614 3409; x_wconf 93' lang='lat' dir='ltr'>et</span> <span class='ocrx_word' id='word_1_269' title='bbox 633 3357 660 3410; x_wconf 91' lang='lat' dir='ltr'>in</span> <span class='ocrx_word' id='word_1_270' title='bbox 680 3359 807 3427; x_wconf 80' lang='lat' dir='ltr'>expensis.</span> <span class='ocrx_word' id='word_1_271' title='bbox 828 3358 854 3410; x_wconf 87' lang='lat' dir='ltr'>Si</span> <span class='ocrx_word' id='word_1_272' title='bbox 875 3375 939 3410; x_wconf 87' lang='lat' dir='ltr'>uero</span> <span class='ocrx_word' id='word_1_273' title='bbox 958 3371 1024 3410; x_wconf 85' lang='lat' dir='ltr'>esset</span> <span class='ocrx_word' id='word_1_274' title='bbox 1043 3358 1096 3410; x_wconf 87' lang='lat' dir='ltr'>tale</span> <span class='ocrx_word' id='word_1_275' title='bbox 1114 3359 1215 3410; x_wconf 86' lang='lat' dir='ltr'>crimen</span> <span class='ocrx_word' id='word_1_276' title='bbox 1233 3377 1264 3410; x_wconf 85' lang='lat' dir='ltr'>ex</span> <span class='ocrx_word' id='word_1_277' title='bbox 1287 3375 1341 3428; x_wconf 88' lang='lat' dir='ltr'>quo</span> <span class='ocrx_word' id='word_1_278' title='bbox 1360 3358 1441 3409; x_wconf 81' lang='lat' dir='ltr'>insur-</span> 
     </span>
     <span class='ocr_line' id='line_1_32' title="bbox 276 3443 1441 3515; baseline 0.003 -20"><span class='ocrx_word' id='word_1_279' title='bbox 276 3459 338 3512; x_wconf 80' lang='lat' dir='ltr'>gere</span> <span class='ocrx_word' id='word_1_280' title='bbox 356 3443 461 3496; x_wconf 86' lang='lat' dir='ltr'>deberet</span> <span class='ocrx_word' id='word_1_281' title='bbox 480 3443 567 3513; x_wconf 89' lang='lat' dir='ltr'>aliqua</span> <span class='ocrx_word' id='word_1_282' title='bbox 587 3461 653 3514; x_wconf 88' lang='lat' dir='ltr'>pena</span> <span class='ocrx_word' id='word_1_283' title='bbox 672 3445 814 3514; x_wconf 85' lang='lat' dir='ltr'>corporalis</span> <span class='ocrx_word' id='word_1_284' title='bbox 832 3445 889 3498; x_wconf 87' lang='lat' dir='ltr'>sine</span> <span class='ocrx_word' id='word_1_285' title='bbox 907 3445 1043 3512; x_wconf 80' lang='lat' dir='ltr'>sanguinis</span> <span class='ocrx_word' id='word_1_286' title='bbox 1059 3445 1192 3499; x_wconf 75' lang='lat' dir='ltr'>effusione</span> <span class='ocrx_word' id='word_1_287' title='bbox 1205 3447 1328 3515; x_wconf 86' lang='lat' dir='ltr'>punietur</span> <span class='ocrx_word' id='word_1_288' title='bbox 1346 3459 1371 3502; x_wconf 86' lang='lat' dir='ltr'>et</span> <span class='ocrx_word' id='word_1_289' title='bbox 1381 3463 1441 3498; x_wconf 85' lang='lat' dir='ltr'>con·</span> 
     </span>
     <span class='ocr_line' id='line_1_33' title="bbox 275 3531 1439 3603; baseline 0.003 -21"><span class='ocrx_word' id='word_1_290' title='bbox 275 3531 435 3602; x_wconf 85' lang='lat' dir='ltr'>dampnetur</span> <span class='ocrx_word' id='word_1_291' title='bbox 452 3531 478 3583; x_wconf 90' lang='lat' dir='ltr'>in</span> <span class='ocrx_word' id='word_1_292' title='bbox 499 3531 570 3584; x_wconf 90' lang='lat' dir='ltr'>libris</span> <span class='ocrx_word' id='word_1_293' title='bbox 589 3533 801 3602; x_wconf 71' lang='lat' dir='ltr'>sigintiquinque</span> <span class='ocrx_word' id='word_1_294' title='bbox 819 3545 845 3586; x_wconf 88' lang='lat' dir='ltr'>et</span> <span class='ocrx_word' id='word_1_295' title='bbox 864 3533 891 3586; x_wconf 89' lang='lat' dir='ltr'>in</span> <span class='ocrx_word' id='word_1_296' title='bbox 911 3536 1031 3603; x_wconf 85' lang='lat' dir='ltr'>expensis</span> <span class='ocrx_word' id='word_1_297' title='bbox 1044 3535 1071 3586; x_wconf 85' lang='lat' dir='ltr'>Si</span> <span class='ocrx_word' id='word_1_298' title='bbox 1087 3547 1176 3586; x_wconf 87' lang='lat' dir='ltr'>autent</span> <span class='ocrx_word' id='word_1_299' title='bbox 1190 3533 1241 3587; x_wconf 90' lang='lat' dir='ltr'>tale</span> <span class='ocrx_word' id='word_1_300' title='bbox 1254 3534 1330 3588; x_wconf 78' lang='lat' dir='ltr'>luerit</span> <span class='ocrx_word' id='word_1_301' title='bbox 1340 3535 1439 3586; x_wconf 88' lang='lat' dir='ltr'>crimen</span> 
     </span>
     <span class='ocr_line' id='line_1_34' title="bbox 275 3619 1440 3692; baseline 0.003 -21"><span class='ocrx_word' id='word_1_302' title='bbox 275 3637 307 3672; x_wconf 81' lang='lat' dir='ltr'>es</span> <span class='ocrx_word' id='word_1_303' title='bbox 326 3635 380 3690; x_wconf 91' lang='lat' dir='ltr'>quo</span> <span class='ocrx_word' id='word_1_304' title='bbox 399 3619 486 3672; x_wconf 91' lang='lat' dir='ltr'>solum</span> <span class='ocrx_word' id='word_1_305' title='bbox 506 3621 588 3672; x_wconf 93' lang='lat' dir='ltr'>modo</span> <span class='ocrx_word' id='word_1_306' title='bbox 608 3637 674 3690; x_wconf 89' lang='lat' dir='ltr'>pene</span> <span class='ocrx_word' id='word_1_307' title='bbox 693 3621 857 3689; x_wconf 79' lang='lat' dir='ltr'>peccunieria</span> <span class='ocrx_word' id='word_1_308' title='bbox 877 3621 1011 3688; x_wconf 77' lang='lat' dir='ltr'>insurgere</span> <span class='ocrx_word' id='word_1_309' title='bbox 1030 3623 1135 3675; x_wconf 88' lang='lat' dir='ltr'>deberet</span> <span class='ocrx_word' id='word_1_310' title='bbox 1162 3640 1214 3692; x_wconf 90' lang='lat' dir='ltr'>que</span> <span class='ocrx_word' id='word_1_311' title='bbox 1240 3623 1389 3674; x_wconf 83' lang='lat' dir='ltr'>ascenderet</span> <span class='ocrx_word' id='word_1_312' title='bbox 1409 3624 1440 3674; x_wconf 89' lang='lat' dir='ltr'>ad</span> 
     </span>
     <span class='ocr_line' id='line_1_35' title="bbox 275 3705 1440 3780; baseline 0.003 -21"><span class='ocrx_word' id='word_1_313' title='bbox 275 3705 353 3760; x_wconf 88' lang='lat' dir='ltr'>libres</span> <span class='ocrx_word' id='word_1_314' title='bbox 372 3709 464 3760; x_wconf 88' lang='lat' dir='ltr'>decem</span> <span class='ocrx_word' id='word_1_315' title='bbox 483 3709 648 3777; x_wconf 86' lang='lat' dir='ltr'>papiensium</span> <span class='ocrx_word' id='word_1_316' title='bbox 668 3721 693 3760; x_wconf 88' lang='lat' dir='ltr'>et</span> <span class='ocrx_word' id='word_1_317' title='bbox 712 3710 744 3760; x_wconf 91' lang='lat' dir='ltr'>ab</span> <span class='ocrx_word' id='word_1_318' title='bbox 763 3709 825 3762; x_wconf 92' lang='lat' dir='ltr'>inde</span> <span class='ocrx_word' id='word_1_319' title='bbox 844 3711 1160 3780; x_wconf 86' lang='lat' dir='ltr'>supra,Condanrpnerur</span> <span class='ocrx_word' id='word_1_320' title='bbox 1178 3711 1204 3762; x_wconf 91' lang='lat' dir='ltr'>in</span> <span class='ocrx_word' id='word_1_321' title='bbox 1225 3710 1296 3762; x_wconf 85' lang='lat' dir='ltr'>libris</span> <span class='ocrx_word' id='word_1_322' title='bbox 1315 3711 1440 3762; x_wconf 73' lang='lat' dir='ltr'>deterosi</span> 
     </span>
     <span class='ocr_line' id='line_1_36' title="bbox 276 3794 1442 3868; baseline 0.004 -22"><span class='ocrx_word' id='word_1_323' title='bbox 276 3811 339 3848; x_wconf 88' lang='lat' dir='ltr'>uero</span> <span class='ocrx_word' id='word_1_324' title='bbox 358 3795 390 3847; x_wconf 88' lang='lat' dir='ltr'>ab</span> <span class='ocrx_word' id='word_1_325' title='bbox 409 3795 471 3847; x_wconf 84' lang='lat' dir='ltr'>inde</span> <span class='ocrx_word' id='word_1_326' title='bbox 490 3794 556 3846; x_wconf 79' lang='lat' dir='ltr'>inira</span> <span class='ocrx_word' id='word_1_327' title='bbox 576 3795 794 3864; x_wconf 89' lang='lat' dir='ltr'>Condampnetut</span> <span class='ocrx_word' id='word_1_328' title='bbox 820 3797 913 3849; x_wconf 84' lang='lat' dir='ltr'>eadem</span> <span class='ocrx_word' id='word_1_329' title='bbox 942 3814 1008 3866; x_wconf 86' lang='lat' dir='ltr'>pena</span> <span class='ocrx_word' id='word_1_330' title='bbox 1037 3815 1087 3868; x_wconf 87' lang='lat' dir='ltr'>que</span> <span class='ocrx_word' id='word_1_331' title='bbox 1115 3797 1325 3866; x_wconf 85' lang='lat' dir='ltr'>condempnatus</span> <span class='ocrx_word' id='word_1_332' title='bbox 1353 3796 1442 3850; x_wconf 70' lang='lat' dir='ltr'>luisset</span> 
     </span>
     <span class='ocr_line' id='line_1_37' title="bbox 275 3883 1440 3954; baseline 0.002 -18"><span class='ocrx_word' id='word_1_333' title='bbox 275 3896 409 3936; x_wconf 88' lang='lat' dir='ltr'>accusatus</span> <span class='ocrx_word' id='word_1_334' title='bbox 428 3884 484 3935; x_wconf 88' lang='lat' dir='ltr'>siue</span> <span class='ocrx_word' id='word_1_335' title='bbox 503 3883 676 3935; x_wconf 84' lang='lat' dir='ltr'>denunciatus</span> <span class='ocrx_word' id='word_1_336' title='bbox 695 3883 715 3934; x_wconf 90' lang='lat' dir='ltr'>si</span> <span class='ocrx_word' id='word_1_337' title='bbox 735 3899 826 3936; x_wconf 87' lang='lat' dir='ltr'>accusa</span> <span class='ocrx_word' id='word_1_338' title='bbox 846 3883 888 3936; x_wconf 91' lang='lat' dir='ltr'>uel</span> <span class='ocrx_word' id='word_1_339' title='bbox 908 3885 1037 3937; x_wconf 69' lang='lat' dir='ltr'>denuntia</span> <span class='ocrx_word' id='word_1_340' title='bbox 1058 3885 1145 3938; x_wconf 75' lang='lat' dir='ltr'>fuisses</span> <span class='ocrx_word' id='word_1_341' title='bbox 1158 3887 1264 3954; x_wconf 85' lang='lat' dir='ltr'>probata</span> <span class='ocrx_word' id='word_1_342' title='bbox 1279 3897 1304 3938; x_wconf 90' lang='lat' dir='ltr'>et</span> <span class='ocrx_word' id='word_1_343' title='bbox 1318 3887 1440 3938; x_wconf 88' lang='lat' dir='ltr'>condem·</span> 
     </span>
     <span class='ocr_line' id='line_1_38' title="bbox 275 3971 1441 4043; baseline 0.003 -20"><span class='ocrx_word' id='word_1_344' title='bbox 275 3985 370 4042; x_wconf 92' lang='lat' dir='ltr'>pnetur</span> <span class='ocrx_word' id='word_1_345' title='bbox 388 3983 522 4023; x_wconf 81' lang='lat' dir='ltr'>accusator</span> <span class='ocrx_word' id='word_1_346' title='bbox 539 3972 619 4024; x_wconf 91' lang='lat' dir='ltr'>etiam</span> <span class='ocrx_word' id='word_1_347' title='bbox 639 3971 666 4024; x_wconf 91' lang='lat' dir='ltr'>in</span> <span class='ocrx_word' id='word_1_348' title='bbox 686 3973 813 4040; x_wconf 75' lang='lat' dir='ltr'>expensis.</span> <span class='ocrx_word' id='word_1_349' title='bbox 834 3971 955 4034; x_wconf 84' lang='lat' dir='ltr'>Quarum</span> <span class='ocrx_word' id='word_1_350' title='bbox 975 3990 1102 4041; x_wconf 89' lang='lat' dir='ltr'>penarum</span> <span class='ocrx_word' id='word_1_351' title='bbox 1122 3975 1296 4043; x_wconf 88' lang='lat' dir='ltr'>predictarum</span> <span class='ocrx_word' id='word_1_352' title='bbox 1315 3974 1441 4026; x_wconf 87' lang='lat' dir='ltr'>medietas</span> 
     </span>
     <span class='ocr_line' id='line_1_39' title="bbox 275 4059 1440 4129; baseline 0.003 -18"><span class='ocrx_word' id='word_1_353' title='bbox 275 4059 410 4129; x_wconf 90' lang='lat' dir='ltr'>perueniat</span> <span class='ocrx_word' id='word_1_354' title='bbox 429 4059 456 4112; x_wconf 87' lang='lat' dir='ltr'>in</span> <span class='ocrx_word' id='word_1_355' title='bbox 477 4059 601 4112; x_wconf 87' lang='lat' dir='ltr'>Comune</span> <span class='ocrx_word' id='word_1_356' title='bbox 621 4059 730 4128; x_wconf 81' lang='lat' dir='ltr'>Bngelle</span> <span class='ocrx_word' id='word_1_357' title='bbox 748 4073 773 4112; x_wconf 85' lang='lat' dir='ltr'>et</span> <span class='ocrx_word' id='word_1_358' title='bbox 792 4059 842 4112; x_wconf 88' lang='lat' dir='ltr'>alia</span> <span class='ocrx_word' id='word_1_359' title='bbox 857 4061 984 4112; x_wconf 86' lang='lat' dir='ltr'>medietas</span> <span class='ocrx_word' id='word_1_360' title='bbox 994 4061 1021 4112; x_wconf 91' lang='lat' dir='ltr'>in</span> <span class='ocrx_word' id='word_1_361' title='bbox 1035 4075 1184 4114; x_wconf 87' lang='lat' dir='ltr'>accusatum</span> <span class='ocrx_word' id='word_1_362' title='bbox 1196 4079 1241 4114; x_wconf 88' lang='lat' dir='ltr'>seu</span> <span class='ocrx_word' id='word_1_363' title='bbox 1252 4062 1440 4114; x_wconf 88' lang='lat' dir='ltr'>denunciatum</span> 
     </span>
     <span class='ocr_line' id='line_1_40' title="bbox 274 4145 1442 4216; baseline 0.002 -18"><span class='ocrx_word' id='word_1_364' title='bbox 274 4159 300 4198; x_wconf 88' lang='lat' dir='ltr'>et</span> <span class='ocrx_word' id='word_1_365' title='bbox 315 4145 431 4216; x_wconf 85' lang='lat' dir='ltr'>qualibet</span> <span class='ocrx_word' id='word_1_366' title='bbox 450 4147 616 4199; x_wconf 88' lang='lat' dir='ltr'>accusatione</span> <span class='ocrx_word' id='word_1_367' title='bbox 635 4163 679 4198; x_wconf 87' lang='lat' dir='ltr'>seu</span> <span class='ocrx_word' id='word_1_368' title='bbox 700 4147 838 4207; x_wconf 79' lang='lat' dir='ltr'>denuntia,</span> <span class='ocrx_word' id='word_1_369' title='bbox 859 4158 979 4200; x_wconf 86' lang='lat' dir='ltr'>teneatur</span> <span class='ocrx_word' id='word_1_370' title='bbox 996 4161 1130 4200; x_wconf 87' lang='lat' dir='ltr'>accusator</span> <span class='ocrx_word' id='word_1_371' title='bbox 1148 4163 1194 4200; x_wconf 92' lang='lat' dir='ltr'>seu</span> <span class='ocrx_word' id='word_1_372' title='bbox 1214 4149 1387 4201; x_wconf 81' lang='lat' dir='ltr'>denuntiator</span> <span class='ocrx_word' id='word_1_373' title='bbox 1406 4149 1442 4201; x_wconf 91' lang='lat' dir='ltr'>iu·</span> 
     </span>
     <span class='ocr_line' id='line_1_41' title="bbox 275 4235 1441 4304; baseline 0.003 -18"><span class='ocrx_word' id='word_1_374' title='bbox 275 4249 331 4286; x_wconf 87' lang='lat' dir='ltr'>rare</span> <span class='ocrx_word' id='word_1_375' title='bbox 349 4245 490 4304; x_wconf 88' lang='lat' dir='ltr'>antequam</span> <span class='ocrx_word' id='word_1_376' title='bbox 518 4236 675 4288; x_wconf 84' lang='lat' dir='ltr'>admittatur</span> <span class='ocrx_word' id='word_1_377' title='bbox 706 4235 762 4288; x_wconf 88' lang='lat' dir='ltr'>eius</span> <span class='ocrx_word' id='word_1_378' title='bbox 781 4237 912 4288; x_wconf 85' lang='lat' dir='ltr'>accusatio</span> <span class='ocrx_word' id='word_1_379' title='bbox 941 4252 986 4287; x_wconf 91' lang='lat' dir='ltr'>seu</span> <span class='ocrx_word' id='word_1_380' title='bbox 1006 4236 1136 4288; x_wconf 88' lang='lat' dir='ltr'>denuncia</span> <span class='ocrx_word' id='word_1_381' title='bbox 1154 4253 1210 4289; x_wconf 82' lang='lat' dir='ltr'>esse</span> <span class='ocrx_word' id='word_1_382' title='bbox 1229 4253 1319 4290; x_wconf 86' lang='lat' dir='ltr'>ueram</span> <span class='ocrx_word' id='word_1_383' title='bbox 1338 4249 1364 4290; x_wconf 90' lang='lat' dir='ltr'>et</span> <span class='ocrx_word' id='word_1_384' title='bbox 1382 4253 1441 4290; x_wconf 88' lang='lat' dir='ltr'>cre-</span> 
     </span>
     <span class='ocr_line' id='line_1_42' title="bbox 273 4321 1441 4393; baseline 0.002 -19"><span class='ocrx_word' id='word_1_385' title='bbox 273 4321 335 4374; x_wconf 87' lang='lat' dir='ltr'>dere</span> <span class='ocrx_word' id='word_1_386' title='bbox 353 4337 411 4374; x_wconf 85' lang='lat' dir='ltr'>earn</span> <span class='ocrx_word' id='word_1_387' title='bbox 431 4337 459 4375; x_wconf 82' lang='lat' dir='ltr'>se</span> <span class='ocrx_word' id='word_1_388' title='bbox 476 4338 552 4392; x_wconf 88' lang='lat' dir='ltr'>posse</span> <span class='ocrx_word' id='word_1_389' title='bbox 570 4323 681 4393; x_wconf 87' lang='lat' dir='ltr'>probare</span> <span class='ocrx_word' id='word_1_390' title='bbox 700 4336 726 4377; x_wconf 86' lang='lat' dir='ltr'>et</span> <span class='ocrx_word' id='word_1_391' title='bbox 747 4322 852 4376; x_wconf 89' lang='lat' dir='ltr'>soluere</span> <span class='ocrx_word' id='word_1_392' title='bbox 871 4339 997 4392; x_wconf 78' lang='lat' dir='ltr'>expensas</span> <span class='ocrx_word' id='word_1_393' title='bbox 1016 4335 1137 4376; x_wconf 82' lang='lat' dir='ltr'>accusato</span> <span class='ocrx_word' id='word_1_394' title='bbox 1146 4323 1168 4375; x_wconf 89' lang='lat' dir='ltr'>si</span> <span class='ocrx_word' id='word_1_395' title='bbox 1178 4325 1372 4378; x_wconf 85' lang='lat' dir='ltr'>accusationem</span> <span class='ocrx_word' id='word_1_396' title='bbox 1386 4341 1441 4376; x_wconf 92' lang='lat' dir='ltr'>non</span> 
     </span>
    </p>
   </div>
   <div class='ocr_carea' id='block_1_7' title="bbox 0 0 1967 5542">
    <p class='ocr_par' dir='ltr' id='par_1_9' title="bbox 0 0 1967 5542">
     <span class='ocr_line' id='line_1_43' title="bbox 0 0 1967 5542; baseline 0 1"><span class='ocrx_word' id='word_1_397' title='bbox 0 0 1967 5542; x_wconf 95' lang='lat' dir='ltr'> </span> 
     </span>
    </p>
   </div>
  </div>
 </body>
</html>
