3918 5554
1426 583 1477 638 ²39

312 713 365 779 24.
389 693 433 762 Vt
456 691 497 782 hij
521 691 575 783 qui
600 689 809 760 habitauerint
830 691 865 758 in
889 689 1019 780 Bugella
1042 689 1160 779 ferrarii
1186 689 1322 760 debeant
1344 712 1415 758 esse
1438 689 1477 759 de

357 798 516 886 Collegio.

346 907 414 960 item
432 917 559 959 statutum
578 917 617 958 est
634 904 706 975 quod
725 903 835 974 quilibet
853 903 899 974 qui
918 902 1075 956 habitauerit
1094 903 1121 956 in
1142 903 1251 974 Bugella
1260 903 1305 974 qui
1317 904 1475 958 laborauerit

311 997 344 1048 de
363 993 485 1048 martello
502 1005 528 1046 et
546 992 647 1046 ardebit
665 993 817 1046 Carbonem
836 1003 957 1044 teneatur
978 1003 1004 1044 et
1022 991 1115 1044 debeat
1133 1008 1189 1044 esse
1207 992 1240 1045 de
1259 993 1374 1062 paratico
1397 991 1478 1046 dicto·

311 1100 371 1136 rum
390 1083 575 1136 Ferrariorum.
595 1082 628 1134 Et
645 1081 690 1152 qui
710 1080 810 1134 tenebit
829 1079 958 1132 Farinam
978 1079 1094 1149 aliquam
1107 1079 1159 1132 hoc
1172 1078 1335 1148 intelligatur
1347 1079 1476 1150 Forbiorij

311 1183 424 1242 spatum,
443 1169 586 1238 Correaarij
608 1169 696 1239 etqui
717 1167 816 1221 faciunt
834 1166 995 1236 vgiariolios,
1015 1168 1118 1236 Dorerij
1138 1179 1165 1220 et
1183 1167 1337 1237 Calderarij,
1372 1168 1405 1220 Et
1432 1169 1477 1238 qui

311 1258 491 1312 contralecerit
510 1257 582 1328 quod
600 1256 695 1327 aliquis
713 1257 746 1308 de
765 1255 836 1308 dicto
855 1255 970 1325 paratico
992 1271 1047 1308 non
1078 1255 1171 1308 debeat
1201 1255 1225 1308 ei
1256 1255 1318 1308 dare
1348 1255 1477 1308 auxilium

310 1346 453 1400 consilium
472 1344 514 1398 uel
533 1343 653 1398 fauorem
671 1345 704 1398 Et
722 1343 834 1414 quilibet
851 1355 972 1396 teneatur
990 1359 1112 1396 accusare
1130 1341 1364 1396 contrafacientem
1383 1359 1429 1414 per
1441 1359 1478 1397 sa·

311 1445 486 1489 crumentum.

309 1645 362 1712 25.
386 1626 436 1694 De
459 1626 572 1713 iniuria
596 1623 789 1693 Consulum.

344 1733 412 1786 Item
430 1733 502 1803 quod
521 1733 542 1786 si
562 1731 621 1803 quis
640 1732 673 1786 de
691 1732 762 1785 dieto
782 1730 898 1802 paratico
916 1730 1010 1783 dixerit
1028 1729 1144 1800 aliquant
1173 1729 1298 1798 jniurianr
1328 1731 1372 1783 vbi
1401 1730 1478 1784 luerit

309 1819 411 1874 Consul
430 1821 493 1874 dicti
512 1819 618 1890 paratici
637 1819 773 1889 operando
792 1817 911 1872 officium
930 1818 971 1871 sui
990 1817 1141 1872 consulatus
1172 1818 1258 1872 soluat
1287 1835 1334 1890 pro
1362 1818 1478 1890 qualibet

309 1907 375 1974 uice,
394 1907 494 1961 solidos
515 1907 547 1962 X.
561 1907 735 1978 papiensium.

308 2103 361 2168 26.
386 2098 487 2180 Quod
511 2099 591 2167 facta
613 2121 669 2187 per
693 2097 879 2188 Collegium
902 2098 1116 2168 attendantur.

344 2207 409 2258 Item
429 2219 557 2260 statutum
575 2207 704 2277 estquod
724 2207 775 2258 hoc
795 2207 866 2276 quod
887 2206 983 2259 lactunr
1004 2206 1126 2258 fueritin
1147 2206 1271 2274 Collegio
1291 2224 1336 2276 per
1346 2206 1475 2260 maiorem

308 2308 408 2364 partenr
428 2295 541 2364 Collegij
562 2295 647 2347 valeat
666 2307 691 2347 et
710 2294 799 2347 ualere
817 2295 910 2347 debeat
920 2307 945 2346 et
956 2295 1048 2347 debeat
1059 2295 1158 2347 attendi
1170 2311 1215 2364 per
1225 2296 1311 2364 ipsum
1322 2294 1475 2360 Collegium

307 2384 372 2436 dum
391 2384 459 2452 juste
477 2394 503 2436 et
521 2381 711 2436 rationabiliter
729 2381 827 2434 lactum
845 2381 887 2444 sit,
905 2381 939 2434 Et
967 2380 1044 2434 fuerit
1070 2383 1244 2452 approbatum
1277 2399 1322 2452 per
1351 2382 1476 2436 &niune

311 2471 429 2541 Bugelle.

308 2665 361 2731 27.
385 2646 435 2712 De
457 2665 525 2712 non
547 2642 721 2712 laborando
748 2661 822 2732 post
844 2666 1006 2733 vesperos.

345 2753 411 2804 item
431 2762 557 2804 statutum
577 2763 615 2804 eat
633 2763 660 2804 et
678 2752 839 2804 ordinatum.
859 2753 941 2814 Quod
961 2751 1049 2804 nullus
1072 2753 1202 2805 Ferrarius
1234 2753 1327 2805 debeat
1358 2751 1476 2805 laborare

308 2856 356 2892 nee
376 2839 486 2892 laborari
506 2838 656 2908 permittere
674 2855 719 2908 per
738 2857 766 2892 se
784 2838 827 2892 uel
847 2856 893 2909 per
910 2839 966 2892 eius
986 2839 1115 2892 lamiliam
1133 2841 1167 2892 de
1189 2839 1276 2908 aliqua
1290 2857 1318 2891 re
1331 2841 1477 2909 pertinente

307 2927 397 2980 officio
416 2925 520 2979 serrarie
531 2925 618 2998 aliqua
628 2926 670 2978 die
683 2927 788 2980 Sabbati
804 2940 862 2996 post
871 2927 1049 2995 pulsationem
1064 2929 1200 2996 Canapane
1213 2944 1379 2996 vespemrunr
1394 2945 1476 2996 usque

307 3015 339 3066 ael
359 3013 438 3066 aliani
457 3013 551 3066 horam
571 3031 737 3083 vesperarum
757 3015 800 3066 die
819 3015 955 3066 dominice
974 3015 1024 3066 nisi
1044 3027 1110 3066 esset
1137 3031 1212 3066 causa
1245 3015 1413 3078 necessitatis,
1445 3016 1475 3067 Et

307 3104 352 3171 qui
368 3101 550 3155 contrafecerit
568 3102 654 3154 soluat
673 3103 790 3154 bannum
810 3119 858 3171 pro
876 3102 995 3172 quolibet
1007 3115 1032 3154 et
1046 3103 1161 3172 qualibet
1176 3103 1234 3153 uice
1243 3102 1389 3154 solidorum
1401 3103 1467 3156 XXU

308 3190 480 3259 papiensium.
500 3190 532 3244 Et
551 3189 682 3243 Consules
701 3207 756 3242 non
777 3190 876 3258 possint
896 3190 957 3242 dare
976 3189 1121 3241 licenciam.
1142 3189 1174 3242 Et
1193 3190 1263 3258 quod
1284 3191 1395 3242 seruitnr
1413 3191 1474 3242 dicti

308 3278 421 3344 Cullegii
443 3279 518 3330 vadat
536 3294 640 3346 semper
657 3278 792 3347 querendo
811 3278 838 3329 in
856 3277 898 3328 die
917 3277 1022 3328 Sabbati
1037 3277 1096 3328 illos
1109 3276 1153 3346 qui
1169 3277 1332 3328 laborabunt.
1346 3277 1378 3329 Et
1391 3277 1476 3330 dictus

307 3367 419 3419 seruitor
437 3367 531 3418 habeat
549 3366 656 3418 terciam
677 3379 776 3435 partem
797 3365 875 3418 banni
896 3363 1004 3418 illorum
1023 3383 1090 3436 quos
1109 3365 1247 3417 accusabit.
1260 3365 1376 3436 Excepto
1385 3379 1474 3418 tamen

307 3455 397 3506 labore
418 3455 589 3524 Sponsarum

307 3629 359 3695 28.
384 3627 434 3694 De
462 3629 573 3716 SignO.

341 3735 407 3786 ltern
427 3748 553 3787 statutum
572 3748 610 3788 est
629 3749 655 3788 et
674 3737 826 3789 ordinatum
847 3735 929 3798 Quot
949 3736 1038 3789 nullus
1059 3735 1190 3790 Ferrarius
1209 3736 1302 3788 debeat
1322 3753 1370 3789 nea
1391 3753 1476 3806 presu-

307 3835 361 3874 mat
380 3823 484 3888 signare
504 3839 551 3874 nec
571 3823 668 3890 signari
689 3823 772 3876 lacere
793 3841 837 3894 per
855 3841 883 3876 se
903 3823 945 3876 uel
966 3825 1081 3893 aliquem
1101 3825 1134 3876 de
1161 3825 1217 3876 eius
1246 3823 1345 3876 [emilia
1376 3824 1475 3893 aliquid

307 3911 438 3980 pertinens
457 3911 488 3962 ad
509 3910 627 3964 officium
648 3912 763 3964 Ferrarie
782 3929 827 3981 per
845 3913 953 3978 signum
973 3911 1287 3978 sirnilentalicuiussigni
1302 3911 1408 3964 alterius
1423 3929 1475 3964 nta-

305 3999 379 4066 gistri
400 3999 577 4051 ferrariorum
597 4001 646 4052 nisi
667 4001 700 4052 de
719 4017 768 4052 suo
787 4001 892 4070 proprio
912 4001 997 4066 signu.
1019 4001 1100 4061 Quod
1111 4000 1218 4066 signum
1232 4000 1264 4050 sit
1275 3998 1398 4050 disimilis
1416 3999 1475 4067 alijs

305 4087 395 4154 signis.
416 4086 447 4138 Et
466 4087 510 4155 qui
530 4087 711 4140 contrafecerit
730 4088 815 4140 soluat
836 4091 951 4140 bannum
973 4104 1020 4156 pro
1047 4086 1165 4156 quolibet
1193 4099 1219 4139 et
1249 4085 1368 4156 quolibet
1396 4085 1475 4152 signo

306 4175 392 4244 posito
411 4189 488 4242 super
506 4173 592 4244 aliqua
613 4173 769 4228 ferramenta
788 4175 935 4227 solidorum
956 4173 1013 4228 Lx.
1034 4175 1197 4242 papiensium
1218 4173 1250 4226 Et
1260 4172 1392 4224 l'onsules
1403 4185 1472 4226 tene·

305 4275 384 4314 antur
401 4259 484 4312 lacere
502 4262 581 4330 jurari
602 4263 691 4315 omnis
710 4261 829 4315 ferrarius
848 4263 893 4332 qui
905 4263 1033 4314 laboraret
1044 4263 1077 4314 de
1090 4261 1188 4314 Otlrcio
1203 4261 1316 4314 Ferrarie
1327 4259 1472 4330 predietunr

306 4359 432 4404 statutum
455 4349 602 4404 obseruare.
