<?xml version="1.0" encoding="UTF-8"?>
<!DOCTYPE html PUBLIC "-//W3C//DTD XHTML 1.0 Transitional//EN"
    "http://www.w3.org/TR/xhtml1/DTD/xhtml1-transitional.dtd">
<html xmlns="http://www.w3.org/1999/xhtml" xml:lang="en" lang="en">
 <head>
  <title>
</title>
<meta http-equiv="Content-Type" content="text/html;charset=utf-8" />
  <meta name='ocr-system' content='tesseract 3.04.00' />
  <meta name='ocr-capabilities' content='ocr_page ocr_carea ocr_par ocr_line ocrx_word'/>
</head>
<body>
  <div class='ocr_page' id='page_1' title='image "./statutacomunisb00sellgoog_0238.png"; bbox 0 0 3926 5542; ppageno 0'>
   <div class='ocr_carea' id='block_1_1' title="bbox 1390 539 1439 596">
    <p class='ocr_par' dir='ltr' id='par_1_1' title="bbox 1390 539 1439 596">
     <span class='ocr_line' id='line_1_1' title="bbox 1390 539 1439 596; baseline 0 0"><span class='ocrx_word' id='word_1_1' title='bbox 1390 539 1439 596; x_wconf 85' lang='lat'>²03</span> 
     </span>
    </p>
   </div>
   <div class='ocr_carea' id='block_1_2' title="bbox 275 647 1445 1257">
    <p class='ocr_par' dir='ltr' id='par_1_2' title="bbox 275 647 1445 1257">
     <span class='ocr_line' id='line_1_2' title="bbox 276 647 1442 731; baseline -0.011 -16"><span class='ocrx_word' id='word_1_2' title='bbox 276 659 391 731; x_wconf 88' lang='lat' dir='ltr'>paratico</span> <span class='ocrx_word' id='word_1_3' title='bbox 409 658 467 714; x_wconf 89' lang='lat' dir='ltr'>siue</span> <span class='ocrx_word' id='word_1_4' title='bbox 484 656 608 729; x_wconf 87' lang='lat' dir='ltr'>Collegio</span> <span class='ocrx_word' id='word_1_5' title='bbox 626 656 649 710; x_wconf 87' lang='lat' dir='ltr'>si</span> <span class='ocrx_word' id='word_1_6' title='bbox 666 671 713 710; x_wconf 87' lang='lat' dir='ltr'>eos</span> <span class='ocrx_word' id='word_1_7' title='bbox 730 655 827 710; x_wconf 86' lang='lat' dir='ltr'>babere</span> <span class='ocrx_word' id='word_1_8' title='bbox 845 654 968 726; x_wconf 77' lang='lat' dir='ltr'>poterint,</span> <span class='ocrx_word' id='word_1_9' title='bbox 986 665 1013 706; x_wconf 85' lang='lat' dir='ltr'>ct</span> <span class='ocrx_word' id='word_1_10' title='bbox 1039 663 1103 706; x_wconf 88' lang='lat' dir='ltr'>tunc</span> <span class='ocrx_word' id='word_1_11' title='bbox 1129 667 1220 704; x_wconf 86' lang='lat' dir='ltr'>coram</span> <span class='ocrx_word' id='word_1_12' title='bbox 1237 649 1276 704; x_wconf 88' lang='lat' dir='ltr'>eis</span> <span class='ocrx_word' id='word_1_13' title='bbox 1293 649 1381 720; x_wconf 90' lang='lat' dir='ltr'>legere</span> <span class='ocrx_word' id='word_1_14' title='bbox 1399 647 1442 702; x_wconf 90' lang='lat' dir='ltr'>uel</span> 
     </span>
     <span class='ocr_line' id='line_1_3' title="bbox 275 737 1442 818; baseline -0.01 -16"><span class='ocrx_word' id='word_1_15' title='bbox 275 747 328 818; x_wconf 88' lang='lat' dir='ltr'>legi</span> <span class='ocrx_word' id='word_1_16' title='bbox 347 747 431 802; x_wconf 82' lang='lat' dir='ltr'>facere</span> <span class='ocrx_word' id='word_1_17' title='bbox 449 747 552 802; x_wconf 87' lang='lat' dir='ltr'>Statuta</span> <span class='ocrx_word' id='word_1_18' title='bbox 569 758 597 801; x_wconf 89' lang='lat' dir='ltr'>et</span> <span class='ocrx_word' id='word_1_19' title='bbox 614 745 800 806; x_wconf 71' lang='lat' dir='ltr'>ordinamenta</span> <span class='ocrx_word' id='word_1_20' title='bbox 817 744 892 798; x_wconf 86' lang='lat' dir='ltr'>istius</span> <span class='ocrx_word' id='word_1_21' title='bbox 910 741 1024 813; x_wconf 86' lang='lat' dir='ltr'>Collegij</span> <span class='ocrx_word' id='word_1_22' title='bbox 1044 740 1101 796; x_wconf 85' lang='lat' dir='ltr'>siue</span> <span class='ocrx_word' id='word_1_23' title='bbox 1119 738 1226 810; x_wconf 86' lang='lat' dir='ltr'>paratici</span> <span class='ocrx_word' id='word_1_24' title='bbox 1238 738 1271 792; x_wconf 92' lang='lat' dir='ltr'>ad</span> <span class='ocrx_word' id='word_1_25' title='bbox 1284 737 1442 792; x_wconf 76' lang='lat' dir='ltr'>memoriam</span> 
     </span>
     <span class='ocr_line' id='line_1_4' title="bbox 276 825 1444 906; baseline -0.01 -17"><span class='ocrx_word' id='word_1_26' title='bbox 276 836 450 899; x_wconf 80' lang='lat' dir='ltr'>retinendam,</span> <span class='ocrx_word' id='word_1_27' title='bbox 468 846 496 888; x_wconf 90' lang='lat' dir='ltr'>et</span> <span class='ocrx_word' id='word_1_28' title='bbox 513 834 546 888; x_wconf 88' lang='lat' dir='ltr'>ad</span> <span class='ocrx_word' id='word_1_29' title='bbox 565 833 680 906; x_wconf 88' lang='lat' dir='ltr'>predicta</span> <span class='ocrx_word' id='word_1_30' title='bbox 698 833 801 886; x_wconf 79' lang='lat' dir='ltr'>Statura</span> <span class='ocrx_word' id='word_1_31' title='bbox 818 830 1016 886; x_wconf 87' lang='lat' dir='ltr'>obseruandum</span> <span class='ocrx_word' id='word_1_32' title='bbox 1034 829 1209 882; x_wconf 85' lang='lat' dir='ltr'>admonentes</span> <span class='ocrx_word' id='word_1_33' title='bbox 1236 825 1285 896; x_wconf 88' lang='lat' dir='ltr'>ipsi</span> <span class='ocrx_word' id='word_1_34' title='bbox 1313 825 1444 879; x_wconf 84' lang='lat' dir='ltr'>Consules</span> 
     </span>
     <span class='ocr_line' id='line_1_5' title="bbox 275 915 1445 994; baseline -0.009 -16"><span class='ocrx_word' id='word_1_35' title='bbox 275 923 406 994; x_wconf 87' lang='lat' dir='ltr'>predictos</span> <span class='ocrx_word' id='word_1_36' title='bbox 424 922 557 986; x_wconf 85' lang='lat' dir='ltr'>Notarius,</span> <span class='ocrx_word' id='word_1_37' title='bbox 575 922 609 976; x_wconf 92' lang='lat' dir='ltr'>de</span> <span class='ocrx_word' id='word_1_38' title='bbox 627 921 749 991; x_wconf 80' lang='lat' dir='ltr'>predictis</span> <span class='ocrx_word' id='word_1_39' title='bbox 767 919 893 974; x_wconf 88' lang='lat' dir='ltr'>omnibus</span> <span class='ocrx_word' id='word_1_40' title='bbox 912 917 1091 974; x_wconf 79' lang='lat' dir='ltr'>obseruandis</span> <span class='ocrx_word' id='word_1_41' title='bbox 1110 916 1145 970; x_wconf 88' lang='lat' dir='ltr'>Et</span> <span class='ocrx_word' id='word_1_42' title='bbox 1162 915 1208 986; x_wconf 91' lang='lat' dir='ltr'>qui</span> <span class='ocrx_word' id='word_1_43' title='bbox 1240 929 1348 972; x_wconf 83' lang='lat' dir='ltr'>vocatus</span> <span class='ocrx_word' id='word_1_44' title='bbox 1367 915 1445 970; x_wconf 87' lang='lat' dir='ltr'>luerit</span> 
     </span>
     <span class='ocr_line' id='line_1_6' title="bbox 276 1005 1444 1079; baseline -0.003 -16"><span class='ocrx_word' id='word_1_45' title='bbox 276 1027 332 1065; x_wconf 88' lang='lat' dir='ltr'>non</span> <span class='ocrx_word' id='word_1_46' title='bbox 351 1011 453 1066; x_wconf 86' lang='lat' dir='ltr'>venerit</span> <span class='ocrx_word' id='word_1_47' title='bbox 470 1009 557 1064; x_wconf 91' lang='lat' dir='ltr'>soluat</span> <span class='ocrx_word' id='word_1_48' title='bbox 575 1011 694 1063; x_wconf 89' lang='lat' dir='ltr'>bannum</span> <span class='ocrx_word' id='word_1_49' title='bbox 713 1007 762 1062; x_wconf 91' lang='lat' dir='ltr'>sol.</span> <span class='ocrx_word' id='word_1_50' title='bbox 780 1024 834 1062; x_wconf 72' lang='lat' dir='ltr'>sex,</span> <span class='ocrx_word' id='word_1_51' title='bbox 853 1007 1000 1079; x_wconf 87' lang='lat' dir='ltr'>dequibus</span> <span class='ocrx_word' id='word_1_52' title='bbox 1018 1005 1091 1060; x_wconf 84' lang='lat' dir='ltr'>nulla</span> <span class='ocrx_word' id='word_1_53' title='bbox 1119 1007 1201 1076; x_wconf 91' lang='lat' dir='ltr'>possit</span> <span class='ocrx_word' id='word_1_54' title='bbox 1218 1009 1243 1062; x_wconf 91' lang='lat' dir='ltr'>ei</span> <span class='ocrx_word' id='word_1_55' title='bbox 1268 1007 1325 1062; x_wconf 85' lang='lat' dir='ltr'>lieri</span> <span class='ocrx_word' id='word_1_56' title='bbox 1352 1007 1444 1078; x_wconf 67' lang='lat' dir='ltr'>gratia,</span> 
     </span>
     <span class='ocr_line' id='line_1_7' title="bbox 279 1095 1445 1166; baseline -0.003 -14"><span class='ocrx_word' id='word_1_57' title='bbox 279 1099 312 1152; x_wconf 89' lang='lat' dir='ltr'>Et</span> <span class='ocrx_word' id='word_1_58' title='bbox 330 1099 452 1153; x_wconf 83' lang='lat' dir='ltr'>consules</span> <span class='ocrx_word' id='word_1_59' title='bbox 469 1109 609 1152; x_wconf 88' lang='lat' dir='ltr'>teneantur</span> <span class='ocrx_word' id='word_1_60' title='bbox 627 1095 695 1150; x_wconf 86' lang='lat' dir='ltr'>inira</span> <span class='ocrx_word' id='word_1_61' title='bbox 712 1108 774 1150; x_wconf 90' lang='lat' dir='ltr'>octo</span> <span class='ocrx_word' id='word_1_62' title='bbox 792 1096 849 1151; x_wconf 81' lang='lat' dir='ltr'>dies</span> <span class='ocrx_word' id='word_1_63' title='bbox 867 1097 986 1150; x_wconf 89' lang='lat' dir='ltr'>bannum</span> <span class='ocrx_word' id='word_1_64' title='bbox 1005 1095 1123 1165; x_wconf 77' lang='lat' dir='ltr'>exegisse</span> <span class='ocrx_word' id='word_1_65' title='bbox 1141 1107 1167 1148; x_wconf 85' lang='lat' dir='ltr'>et</span> <span class='ocrx_word' id='word_1_66' title='bbox 1179 1096 1298 1150; x_wconf 90' lang='lat' dir='ltr'>bannum</span> <span class='ocrx_word' id='word_1_67' title='bbox 1309 1096 1445 1166; x_wconf 87' lang='lat' dir='ltr'>perueniat</span> 
     </span>
     <span class='ocr_line' id='line_1_8' title="bbox 276 1185 489 1257; baseline 0.009 -19"><span class='ocrx_word' id='word_1_68' title='bbox 276 1187 304 1238; x_wconf 92' lang='lat' dir='ltr'>in</span> <span class='ocrx_word' id='word_1_69' title='bbox 326 1185 489 1257; x_wconf 67' lang='lat' dir='ltr'>Collegium.</span> 
     </span>
    </p>
   </div>
   <div class='ocr_carea' id='block_1_3' title="bbox 278 1322 1448 1836">
    <p class='ocr_par' dir='ltr' id='par_1_3' title="bbox 278 1322 1448 1836">
     <span class='ocr_line' id='line_1_9' title="bbox 314 1322 1447 1396; baseline -0.004 -16"><span class='ocrx_word' id='word_1_70' title='bbox 314 1341 355 1396; x_wconf 83' lang='lat'>35.</span> <span class='ocrx_word' id='word_1_71' title='bbox 373 1327 441 1380; x_wconf 89' lang='lat' dir='ltr'>ltem</span> <span class='ocrx_word' id='word_1_72' title='bbox 460 1325 596 1380; x_wconf 87' lang='lat' dir='ltr'>Statutum</span> <span class='ocrx_word' id='word_1_73' title='bbox 614 1337 654 1379; x_wconf 83' lang='lat' dir='ltr'>est</span> <span class='ocrx_word' id='word_1_74' title='bbox 671 1337 697 1379; x_wconf 89' lang='lat' dir='ltr'>et</span> <span class='ocrx_word' id='word_1_75' title='bbox 707 1325 868 1379; x_wconf 85' lang='lat' dir='ltr'>ordinatum.</span> <span class='ocrx_word' id='word_1_76' title='bbox 881 1323 965 1387; x_wconf 83' lang='lat' dir='ltr'>Quod</span> <span class='ocrx_word' id='word_1_77' title='bbox 984 1322 1115 1379; x_wconf 86' lang='lat' dir='ltr'>Consules</span> <span class='ocrx_word' id='word_1_78' title='bbox 1126 1322 1313 1395; x_wconf 84' lang='lat' dir='ltr'>dictiCollegij</span> <span class='ocrx_word' id='word_1_79' title='bbox 1326 1323 1447 1394; x_wconf 89' lang='lat' dir='ltr'>quisunt</span> 
     </span>
     <span class='ocr_line' id='line_1_10' title="bbox 278 1410 1446 1486; baseline -0.003 -17"><span class='ocrx_word' id='word_1_80' title='bbox 278 1427 304 1468; x_wconf 92' lang='lat' dir='ltr'>et</span> <span class='ocrx_word' id='word_1_81' title='bbox 322 1431 370 1484; x_wconf 89' lang='lat' dir='ltr'>pro</span> <span class='ocrx_word' id='word_1_82' title='bbox 387 1428 507 1486; x_wconf 88' lang='lat' dir='ltr'>tempore</span> <span class='ocrx_word' id='word_1_83' title='bbox 524 1426 610 1480; x_wconf 78' lang='lat' dir='ltr'>erunt,</span> <span class='ocrx_word' id='word_1_84' title='bbox 628 1431 675 1486; x_wconf 90' lang='lat' dir='ltr'>per</span> <span class='ocrx_word' id='word_1_85' title='bbox 692 1428 786 1468; x_wconf 88' lang='lat' dir='ltr'>eorum</span> <span class='ocrx_word' id='word_1_86' title='bbox 804 1424 999 1467; x_wconf 87' lang='lat' dir='ltr'>sacramentum</span> <span class='ocrx_word' id='word_1_87' title='bbox 1017 1410 1130 1482; x_wconf 88' lang='lat' dir='ltr'>singulis</span> <span class='ocrx_word' id='word_1_88' title='bbox 1149 1412 1234 1466; x_wconf 79' lang='lat' dir='ltr'>Annis</span> <span class='ocrx_word' id='word_1_89' title='bbox 1263 1411 1332 1466; x_wconf 88' lang='lat' dir='ltr'>inter</span> <span class='ocrx_word' id='word_1_90' title='bbox 1349 1419 1446 1466; x_wconf 80' lang='lat' dir='ltr'>testum</span> 
     </span>
     <span class='ocr_line' id='line_1_11' title="bbox 279 1501 1447 1570; baseline -0.003 -14"><span class='ocrx_word' id='word_1_91' title='bbox 279 1501 362 1556; x_wconf 88' lang='lat' dir='ltr'>sancti</span> <span class='ocrx_word' id='word_1_92' title='bbox 381 1503 518 1558; x_wconf 81' lang='lat' dir='ltr'>Michaelis</span> <span class='ocrx_word' id='word_1_93' title='bbox 536 1515 562 1558; x_wconf 90' lang='lat' dir='ltr'>et</span> <span class='ocrx_word' id='word_1_94' title='bbox 580 1502 676 1557; x_wconf 84' lang='lat' dir='ltr'>lestuttt</span> <span class='ocrx_word' id='word_1_95' title='bbox 695 1501 820 1556; x_wconf 88' lang='lat' dir='ltr'>omnium</span> <span class='ocrx_word' id='word_1_96' title='bbox 838 1513 990 1556; x_wconf 87' lang='lat' dir='ltr'>sanctorum</span> <span class='ocrx_word' id='word_1_97' title='bbox 1008 1513 1148 1554; x_wconf 74' lang='lat' dir='ltr'>teneantur</span> <span class='ocrx_word' id='word_1_98' title='bbox 1165 1511 1192 1554; x_wconf 90' lang='lat' dir='ltr'>et</span> <span class='ocrx_word' id='word_1_99' title='bbox 1218 1501 1331 1554; x_wconf 87' lang='lat' dir='ltr'>debeant</span> <span class='ocrx_word' id='word_1_100' title='bbox 1349 1501 1447 1570; x_wconf 83' lang='lat' dir='ltr'>eligere</span> 
     </span>
     <span class='ocr_line' id='line_1_12' title="bbox 282 1588 1447 1662; baseline -0.003 -17"><span class='ocrx_word' id='word_1_101' title='bbox 282 1602 395 1662; x_wconf 77' lang='lat' dir='ltr'>quantor</span> <span class='ocrx_word' id='word_1_102' title='bbox 412 1591 456 1646; x_wconf 89' lang='lat' dir='ltr'>uel</span> <span class='ocrx_word' id='word_1_103' title='bbox 474 1607 519 1646; x_wconf 86' lang='lat' dir='ltr'>sea</span> <span class='ocrx_word' id='word_1_104' title='bbox 537 1591 571 1645; x_wconf 91' lang='lat' dir='ltr'>de</span> <span class='ocrx_word' id='word_1_105' title='bbox 589 1591 801 1662; x_wconf 76' lang='lat' dir='ltr'>Sapientioribus</span> <span class='ocrx_word' id='word_1_106' title='bbox 819 1589 882 1643; x_wconf 91' lang='lat' dir='ltr'>dicti</span> <span class='ocrx_word' id='word_1_107' title='bbox 901 1588 1005 1660; x_wconf 78' lang='lat' dir='ltr'>collegii</span> <span class='ocrx_word' id='word_1_108' title='bbox 1026 1589 1071 1659; x_wconf 93' lang='lat' dir='ltr'>qui</span> <span class='ocrx_word' id='word_1_109' title='bbox 1090 1588 1243 1642; x_wconf 78' lang='lat' dir='ltr'>examinent</span> <span class='ocrx_word' id='word_1_110' title='bbox 1269 1589 1403 1660; x_wconf 87' lang='lat' dir='ltr'>corrigant</span> <span class='ocrx_word' id='word_1_111' title='bbox 1421 1599 1447 1642; x_wconf 90' lang='lat' dir='ltr'>et</span> 
     </span>
     <span class='ocr_line' id='line_1_13' title="bbox 279 1675 1448 1750; baseline -0.003 -18"><span class='ocrx_word' id='word_1_112' title='bbox 279 1678 423 1733; x_wconf 80' lang='lat' dir='ltr'>emendent</span> <span class='ocrx_word' id='word_1_113' title='bbox 440 1679 543 1734; x_wconf 77' lang='lat' dir='ltr'>Statum</span> <span class='ocrx_word' id='word_1_114' title='bbox 560 1678 624 1732; x_wconf 92' lang='lat' dir='ltr'>dicti</span> <span class='ocrx_word' id='word_1_115' title='bbox 651 1677 765 1750; x_wconf 82' lang='lat' dir='ltr'>Collegij</span> <span class='ocrx_word' id='word_1_116' title='bbox 793 1677 954 1748; x_wconf 79' lang='lat' dir='ltr'>ubicumque</span> <span class='ocrx_word' id='word_1_117' title='bbox 980 1676 1018 1730; x_wconf 89' lang='lat' dir='ltr'>eis</span> <span class='ocrx_word' id='word_1_118' title='bbox 1044 1675 1108 1730; x_wconf 81' lang='lat' dir='ltr'>vtile</span> <span class='ocrx_word' id='word_1_119' title='bbox 1125 1691 1182 1730; x_wconf 84' lang='lat' dir='ltr'>etse</span> <span class='ocrx_word' id='word_1_120' title='bbox 1200 1676 1340 1730; x_wconf 79' lang='lat' dir='ltr'>uidebitur.</span> <span class='ocrx_word' id='word_1_121' title='bbox 1359 1679 1448 1747; x_wconf 80' lang='lat' dir='ltr'>Atque</span> 
     </span>
     <span class='ocr_line' id='line_1_14' title="bbox 280 1763 1389 1836; baseline -0.003 -17"><span class='ocrx_word' id='word_1_122' title='bbox 280 1766 331 1820; x_wconf 88' lang='lat' dir='ltr'>alia</span> <span class='ocrx_word' id='word_1_123' title='bbox 349 1766 452 1822; x_wconf 85' lang='lat' dir='ltr'>Statuta</span> <span class='ocrx_word' id='word_1_124' title='bbox 470 1768 503 1822; x_wconf 89' lang='lat' dir='ltr'>de</span> <span class='ocrx_word' id='word_1_125' title='bbox 520 1783 595 1822; x_wconf 89' lang='lat' dir='ltr'>nouo</span> <span class='ocrx_word' id='word_1_126' title='bbox 613 1766 730 1820; x_wconf 89' lang='lat' dir='ltr'>condant</span> <span class='ocrx_word' id='word_1_127' title='bbox 747 1767 770 1820; x_wconf 90' lang='lat' dir='ltr'>si</span> <span class='ocrx_word' id='word_1_128' title='bbox 788 1766 827 1820; x_wconf 89' lang='lat' dir='ltr'>eis</span> <span class='ocrx_word' id='word_1_129' title='bbox 844 1765 976 1821; x_wconf 89' lang='lat' dir='ltr'>videbitur</span> <span class='ocrx_word' id='word_1_130' title='bbox 994 1780 1051 1819; x_wconf 80' lang='lat' dir='ltr'>esse</span> <span class='ocrx_word' id='word_1_131' title='bbox 1068 1763 1132 1818; x_wconf 82' lang='lat' dir='ltr'>vtile</span> <span class='ocrx_word' id='word_1_132' title='bbox 1151 1763 1216 1817; x_wconf 90' lang='lat' dir='ltr'>dicti</span> <span class='ocrx_word' id='word_1_133' title='bbox 1234 1763 1359 1836; x_wconf 87' lang='lat' dir='ltr'>Collegij.</span> <span class='ocrx_word' id='word_1_134' title='bbox 1386 1825 1389 1832; x_wconf 44' lang='lat'>‚</span> 
     </span>
    </p>
   </div>
   <div class='ocr_carea' id='block_1_4' title="bbox 281 1920 1448 2258">
    <p class='ocr_par' dir='ltr' id='par_1_4' title="bbox 281 1920 1448 2258">
     <span class='ocr_line' id='line_1_15' title="bbox 318 1920 1448 1996; baseline -0.005 -14"><span class='ocrx_word' id='word_1_135' title='bbox 318 1927 358 1996; x_wconf 80' lang='lat'>36.</span> <span class='ocrx_word' id='word_1_136' title='bbox 377 1925 445 1981; x_wconf 90' lang='lat' dir='ltr'>ltem</span> <span class='ocrx_word' id='word_1_137' title='bbox 464 1926 598 1980; x_wconf 81' lang='lat' dir='ltr'>statutum</span> <span class='ocrx_word' id='word_1_138' title='bbox 617 1937 663 1980; x_wconf 84' lang='lat' dir='ltr'>est</span> <span class='ocrx_word' id='word_1_139' title='bbox 684 1924 766 1988; x_wconf 88' lang='lat' dir='ltr'>Quod</span> <span class='ocrx_word' id='word_1_140' title='bbox 784 1923 844 1995; x_wconf 89' lang='lat' dir='ltr'>alijs</span> <span class='ocrx_word' id='word_1_141' title='bbox 862 1921 971 1978; x_wconf 87' lang='lat' dir='ltr'>Statutis</span> <span class='ocrx_word' id='word_1_142' title='bbox 999 1941 1055 1978; x_wconf 91' lang='lat' dir='ltr'>non</span> <span class='ocrx_word' id='word_1_143' title='bbox 1082 1922 1247 1976; x_wconf 82' lang='lat' dir='ltr'>obstantibus</span> <span class='ocrx_word' id='word_1_144' title='bbox 1275 1920 1397 1987; x_wconf 85' lang='lat' dir='ltr'>Quilibet</span> <span class='ocrx_word' id='word_1_145' title='bbox 1415 1923 1448 1976; x_wconf 84' lang='lat' dir='ltr'>tle</span> 
     </span>
     <span class='ocr_line' id='line_1_16' title="bbox 281 2011 1447 2086; baseline -0.003 -18"><span class='ocrx_word' id='word_1_146' title='bbox 281 2015 352 2070; x_wconf 86' lang='lat' dir='ltr'>dicto</span> <span class='ocrx_word' id='word_1_147' title='bbox 369 2014 493 2086; x_wconf 79' lang='lat' dir='ltr'>Collegio</span> <span class='ocrx_word' id='word_1_148' title='bbox 510 2015 592 2085; x_wconf 87' lang='lat' dir='ltr'>possit</span> <span class='ocrx_word' id='word_1_149' title='bbox 610 2029 658 2083; x_wconf 87' lang='lat' dir='ltr'>pro</span> <span class='ocrx_word' id='word_1_150' title='bbox 676 2013 729 2066; x_wconf 84' lang='lat' dir='ltr'>alio</span> <span class='ocrx_word' id='word_1_151' title='bbox 759 2013 842 2078; x_wconf 88' lang='lat' dir='ltr'>socio,</span> <span class='ocrx_word' id='word_1_152' title='bbox 871 2011 917 2084; x_wconf 94' lang='lat' dir='ltr'>qui</span> <span class='ocrx_word' id='word_1_153' title='bbox 947 2023 1096 2082; x_wconf 85' lang='lat' dir='ltr'>presentem</span> <span class='ocrx_word' id='word_1_154' title='bbox 1124 2011 1246 2064; x_wconf 85' lang='lat' dir='ltr'>ordinem</span> <span class='ocrx_word' id='word_1_155' title='bbox 1274 2011 1447 2080; x_wconf 87' lang='lat' dir='ltr'>acceptauerit</span> 
     </span>
     <span class='ocr_line' id='line_1_17' title="bbox 282 2099 1448 2172; baseline -0.004 -16"><span class='ocrx_word' id='word_1_156' title='bbox 282 2103 381 2156; x_wconf 88' lang='lat' dir='ltr'>dictum</span> <span class='ocrx_word' id='word_1_157' title='bbox 399 2101 516 2158; x_wconf 88' lang='lat' dir='ltr'>offitium</span> <span class='ocrx_word' id='word_1_158' title='bbox 534 2102 632 2156; x_wconf 88' lang='lat' dir='ltr'>seruire</span> <span class='ocrx_word' id='word_1_159' title='bbox 650 2101 679 2155; x_wconf 91' lang='lat' dir='ltr'>in</span> <span class='ocrx_word' id='word_1_160' title='bbox 698 2101 755 2172; x_wconf 91' lang='lat' dir='ltr'>ipso</span> <span class='ocrx_word' id='word_1_161' title='bbox 773 2099 859 2154; x_wconf 85' lang='lat' dir='ltr'>offitio</span> <span class='ocrx_word' id='word_1_162' title='bbox 878 2101 963 2154; x_wconf 90' lang='lat' dir='ltr'>dottec</span> <span class='ocrx_word' id='word_1_163' title='bbox 980 2099 1080 2154; x_wconf 88' lang='lat' dir='ltr'>steterit</span> <span class='ocrx_word' id='word_1_164' title='bbox 1098 2111 1125 2152; x_wconf 86' lang='lat' dir='ltr'>ct</span> <span class='ocrx_word' id='word_1_165' title='bbox 1144 2099 1275 2153; x_wconf 84' lang='lat' dir='ltr'>vacauerit</span> <span class='ocrx_word' id='word_1_166' title='bbox 1293 2115 1338 2169; x_wconf 87' lang='lat' dir='ltr'>per</span> <span class='ocrx_word' id='word_1_167' title='bbox 1365 2115 1448 2152; x_wconf 85' lang='lat' dir='ltr'>vnum</span> 
     </span>
     <span class='ocr_line' id='line_1_18' title="bbox 282 2185 1348 2258; baseline -0.004 -14"><span class='ocrx_word' id='word_1_168' title='bbox 282 2192 402 2256; x_wconf 82' lang='lat' dir='ltr'>Annum,</span> <span class='ocrx_word' id='word_1_169' title='bbox 421 2192 449 2244; x_wconf 91' lang='lat' dir='ltr'>in</span> <span class='ocrx_word' id='word_1_170' title='bbox 468 2190 609 2244; x_wconf 86' lang='lat' dir='ltr'>sentiendo</span> <span class='ocrx_word' id='word_1_171' title='bbox 628 2189 655 2244; x_wconf 90' lang='lat' dir='ltr'>in</span> <span class='ocrx_word' id='word_1_172' title='bbox 675 2189 746 2242; x_wconf 90' lang='lat' dir='ltr'>dicto</span> <span class='ocrx_word' id='word_1_173' title='bbox 764 2188 851 2242; x_wconf 88' lang='lat' dir='ltr'>offitio</span> <span class='ocrx_word' id='word_1_174' title='bbox 869 2205 915 2258; x_wconf 89' lang='lat' dir='ltr'>per</span> <span class='ocrx_word' id='word_1_175' title='bbox 932 2205 961 2241; x_wconf 91' lang='lat' dir='ltr'>se</span> <span class='ocrx_word' id='word_1_176' title='bbox 978 2204 1025 2241; x_wconf 85' lang='lat' dir='ltr'>seu</span> <span class='ocrx_word' id='word_1_177' title='bbox 1043 2187 1127 2242; x_wconf 86' lang='lat' dir='ltr'>alium</span> <span class='ocrx_word' id='word_1_178' title='bbox 1145 2199 1172 2241; x_wconf 93' lang='lat' dir='ltr'>et</span> <span class='ocrx_word' id='word_1_179' title='bbox 1191 2185 1266 2240; x_wconf 91' lang='lat' dir='ltr'>aliter</span> <span class='ocrx_word' id='word_1_180' title='bbox 1284 2203 1348 2242; x_wconf 89' lang='lat' dir='ltr'>non.</span> 
     </span>
    </p>
   </div>
   <div class='ocr_carea' id='block_1_5' title="bbox 282 2327 1451 2755">
    <p class='ocr_par' dir='ltr' id='par_1_5' title="bbox 282 2327 1451 2755">
     <span class='ocr_line' id='line_1_19' title="bbox 319 2327 1449 2402; baseline -0.004 -17"><span class='ocrx_word' id='word_1_181' title='bbox 319 2345 359 2402; x_wconf 84' lang='lat'>37.</span> <span class='ocrx_word' id='word_1_182' title='bbox 378 2331 446 2386; x_wconf 87' lang='lat' dir='ltr'>ltetn</span> <span class='ocrx_word' id='word_1_183' title='bbox 464 2331 598 2386; x_wconf 89' lang='lat' dir='ltr'>Statutum</span> <span class='ocrx_word' id='word_1_184' title='bbox 617 2342 663 2384; x_wconf 82' lang='lat' dir='ltr'>est</span> <span class='ocrx_word' id='word_1_185' title='bbox 683 2329 768 2394; x_wconf 83' lang='lat' dir='ltr'>Quod</span> <span class='ocrx_word' id='word_1_186' title='bbox 786 2329 875 2384; x_wconf 92' lang='lat' dir='ltr'>nullus</span> <span class='ocrx_word' id='word_1_187' title='bbox 893 2329 1010 2383; x_wconf 90' lang='lat' dir='ltr'>seruiens</span> <span class='ocrx_word' id='word_1_188' title='bbox 1040 2331 1067 2383; x_wconf 90' lang='lat' dir='ltr'>in</span> <span class='ocrx_word' id='word_1_189' title='bbox 1095 2327 1166 2382; x_wconf 90' lang='lat' dir='ltr'>dicto</span> <span class='ocrx_word' id='word_1_190' title='bbox 1184 2327 1270 2382; x_wconf 82' lang='lat' dir='ltr'>offitio</span> <span class='ocrx_word' id='word_1_191' title='bbox 1296 2343 1343 2398; x_wconf 90' lang='lat' dir='ltr'>per</span> <span class='ocrx_word' id='word_1_192' title='bbox 1360 2343 1388 2380; x_wconf 90' lang='lat' dir='ltr'>se</span> <span class='ocrx_word' id='word_1_193' title='bbox 1406 2327 1449 2381; x_wconf 93' lang='lat' dir='ltr'>uel</span> 
     </span>
     <span class='ocr_line' id='line_1_20' title="bbox 282 2415 1451 2490; baseline -0.002 -18"><span class='ocrx_word' id='word_1_194' title='bbox 282 2437 329 2490; x_wconf 92' lang='lat' dir='ltr'>per</span> <span class='ocrx_word' id='word_1_195' title='bbox 345 2420 428 2474; x_wconf 89' lang='lat' dir='ltr'>alium</span> <span class='ocrx_word' id='word_1_196' title='bbox 448 2432 529 2490; x_wconf 88' lang='lat' dir='ltr'>posstt</span> <span class='ocrx_word' id='word_1_197' title='bbox 547 2436 576 2472; x_wconf 92' lang='lat' dir='ltr'>se</span> <span class='ocrx_word' id='word_1_198' title='bbox 594 2419 771 2472; x_wconf 87' lang='lat' dir='ltr'>intromittere</span> <span class='ocrx_word' id='word_1_199' title='bbox 788 2419 822 2472; x_wconf 86' lang='lat' dir='ltr'>de</span> <span class='ocrx_word' id='word_1_200' title='bbox 840 2417 927 2489; x_wconf 88' lang='lat' dir='ltr'>aliqua</span> <span class='ocrx_word' id='word_1_201' title='bbox 946 2435 1023 2472; x_wconf 90' lang='lat' dir='ltr'>causa</span> <span class='ocrx_word' id='word_1_202' title='bbox 1041 2435 1094 2489; x_wconf 93' lang='lat' dir='ltr'>que</span> <span class='ocrx_word' id='word_1_203' title='bbox 1112 2417 1254 2471; x_wconf 82' lang='lat' dir='ltr'>ventiletur</span> <span class='ocrx_word' id='word_1_204' title='bbox 1264 2415 1355 2486; x_wconf 89' lang='lat' dir='ltr'>aliquo</span> <span class='ocrx_word' id='word_1_205' title='bbox 1368 2417 1451 2470; x_wconf 89' lang='lat' dir='ltr'>modo</span> 
     </span>
     <span class='ocr_line' id='line_1_21' title="bbox 284 2505 1450 2577; baseline -0.002 -15"><span class='ocrx_word' id='word_1_206' title='bbox 284 2509 312 2562; x_wconf 89' lang='lat' dir='ltr'>in</span> <span class='ocrx_word' id='word_1_207' title='bbox 331 2509 400 2564; x_wconf 88' lang='lat' dir='ltr'>dicta</span> <span class='ocrx_word' id='word_1_208' title='bbox 419 2509 500 2563; x_wconf 89' lang='lat' dir='ltr'>Curia</span> <span class='ocrx_word' id='word_1_209' title='bbox 518 2507 689 2562; x_wconf 83' lang='lat' dir='ltr'>criminaliter</span> <span class='ocrx_word' id='word_1_210' title='bbox 707 2507 751 2561; x_wconf 90' lang='lat' dir='ltr'>uel</span> <span class='ocrx_word' id='word_1_211' title='bbox 770 2505 883 2560; x_wconf 87' lang='lat' dir='ltr'>ciuiliter</span> <span class='ocrx_word' id='word_1_212' title='bbox 913 2507 1079 2577; x_wconf 88' lang='lat' dir='ltr'>procurando</span> <span class='ocrx_word' id='word_1_213' title='bbox 1105 2506 1148 2562; x_wconf 92' lang='lat' dir='ltr'>uel</span> <span class='ocrx_word' id='word_1_214' title='bbox 1178 2505 1335 2560; x_wconf 84' lang='lat' dir='ltr'>aduocnndo</span> <span class='ocrx_word' id='word_1_215' title='bbox 1353 2505 1404 2560; x_wconf 87' lang='lat' dir='ltr'>nisi</span> <span class='ocrx_word' id='word_1_216' title='bbox 1422 2506 1450 2560; x_wconf 93' lang='lat' dir='ltr'>iu</span> 
     </span>
     <span class='ocr_line' id='line_1_22' title="bbox 284 2593 1451 2668; baseline -0.003 -18"><span class='ocrx_word' id='word_1_217' title='bbox 284 2595 355 2650; x_wconf 86' lang='lat' dir='ltr'>iacto</span> <span class='ocrx_word' id='word_1_218' title='bbox 372 2613 422 2650; x_wconf 91' lang='lat' dir='ltr'>suo</span> <span class='ocrx_word' id='word_1_219' title='bbox 440 2596 546 2668; x_wconf 90' lang='lat' dir='ltr'>proprio</span> <span class='ocrx_word' id='word_1_220' title='bbox 565 2609 592 2649; x_wconf 89' lang='lat' dir='ltr'>et</span> <span class='ocrx_word' id='word_1_221' title='bbox 609 2593 712 2648; x_wconf 80' lang='lat' dir='ltr'>familie</span> <span class='ocrx_word' id='word_1_222' title='bbox 739 2611 794 2648; x_wconf 88' lang='lat' dir='ltr'>sue.</span> <span class='ocrx_word' id='word_1_223' title='bbox 812 2595 847 2648; x_wconf 89' lang='lat' dir='ltr'>Et</span> <span class='ocrx_word' id='word_1_224' title='bbox 865 2635 872 2648; x_wconf 90' lang='lat'><em>.</em></span> <span class='ocrx_word' id='word_1_225' title='bbox 893 2633 899 2648; x_wconf 94' lang='lat'>.</span> <span class='ocrx_word' id='word_1_226' title='bbox 919 2633 927 2648; x_wconf 90' lang='lat'><strong>.</strong></span> <span class='ocrx_word' id='word_1_227' title='bbox 945 2611 1027 2666; x_wconf 88' lang='lat' dir='ltr'>quem</span> <span class='ocrx_word' id='word_1_228' title='bbox 1045 2595 1074 2648; x_wconf 92' lang='lat' dir='ltr'>in</span> <span class='ocrx_word' id='word_1_229' title='bbox 1101 2595 1172 2648; x_wconf 92' lang='lat' dir='ltr'>dicto</span> <span class='ocrx_word' id='word_1_230' title='bbox 1199 2593 1286 2648; x_wconf 84' lang='lat' dir='ltr'>offitio</span> <span class='ocrx_word' id='word_1_231' title='bbox 1313 2593 1411 2648; x_wconf 88' lang='lat' dir='ltr'>sentire</span> <span class='ocrx_word' id='word_1_232' title='bbox 1429 2595 1451 2648; x_wconf 90' lang='lat' dir='ltr'>si</span> 
     </span>
     <span class='ocr_line' id='line_1_23' title="bbox 284 2681 977 2755; baseline -0.003 -17"><span class='ocrx_word' id='word_1_233' title='bbox 284 2684 351 2739; x_wconf 86' lang='lat' dir='ltr'>lone</span> <span class='ocrx_word' id='word_1_234' title='bbox 368 2685 447 2738; x_wconf 82' lang='lat' dir='ltr'>Alius</span> <span class='ocrx_word' id='word_1_235' title='bbox 466 2700 513 2755; x_wconf 92' lang='lat' dir='ltr'>pro</span> <span class='ocrx_word' id='word_1_236' title='bbox 531 2683 589 2754; x_wconf 85' lang='lat' dir='ltr'>ipso</span> <span class='ocrx_word' id='word_1_237' title='bbox 607 2683 635 2736; x_wconf 90' lang='lat' dir='ltr'>in</span> <span class='ocrx_word' id='word_1_238' title='bbox 654 2683 726 2738; x_wconf 88' lang='lat' dir='ltr'>dicto</span> <span class='ocrx_word' id='word_1_239' title='bbox 744 2681 830 2738; x_wconf 88' lang='lat' dir='ltr'>offitio</span> <span class='ocrx_word' id='word_1_240' title='bbox 848 2681 977 2736; x_wconf 78' lang='lat' dir='ltr'>seruierit</span> 
     </span>
    </p>
   </div>
   <div class='ocr_carea' id='block_1_6' title="bbox 285 2819 1455 3602">
    <p class='ocr_par' dir='ltr' id='par_1_6' title="bbox 285 2819 1455 3602">
     <span class='ocr_line' id='line_1_24' title="bbox 322 2819 1452 2895; baseline -0.002 -17"><span class='ocrx_word' id='word_1_241' title='bbox 322 2825 362 2895; x_wconf 81' lang='lat'>38.</span> <span class='ocrx_word' id='word_1_242' title='bbox 382 2824 453 2880; x_wconf 88' lang='lat' dir='ltr'>Item</span> <span class='ocrx_word' id='word_1_243' title='bbox 471 2823 605 2878; x_wconf 88' lang='lat' dir='ltr'>Statutum</span> <span class='ocrx_word' id='word_1_244' title='bbox 624 2833 671 2878; x_wconf 80' lang='lat' dir='ltr'>est.</span> <span class='ocrx_word' id='word_1_245' title='bbox 691 2821 773 2886; x_wconf 89' lang='lat' dir='ltr'>Quod</span> <span class='ocrx_word' id='word_1_246' title='bbox 792 2821 903 2894; x_wconf 89' lang='lat' dir='ltr'>quilibet</span> <span class='ocrx_word' id='word_1_247' title='bbox 921 2839 1056 2876; x_wconf 72' lang='lat' dir='ltr'>recursans</span> <span class='ocrx_word' id='word_1_248' title='bbox 1074 2834 1101 2877; x_wconf 90' lang='lat' dir='ltr'>et</span> <span class='ocrx_word' id='word_1_249' title='bbox 1118 2821 1258 2894; x_wconf 87' lang='lat' dir='ltr'>negligens</span> <span class='ocrx_word' id='word_1_250' title='bbox 1276 2822 1378 2876; x_wconf 89' lang='lat' dir='ltr'>dictum</span> <span class='ocrx_word' id='word_1_251' title='bbox 1396 2819 1452 2876; x_wconf 84' lang='lat' dir='ltr'>offr-</span> 
     </span>
     <span class='ocr_line' id='line_1_25' title="bbox 285 2909 1452 2990; baseline -0.002 -24"><span class='ocrx_word' id='word_1_252' title='bbox 285 2912 356 2966; x_wconf 86' lang='lat' dir='ltr'>cium</span> <span class='ocrx_word' id='word_1_253' title='bbox 375 2923 516 2982; x_wconf 85' lang='lat' dir='ltr'>acceptare,</span> <span class='ocrx_word' id='word_1_254' title='bbox 535 2911 643 2982; x_wconf 90' lang='lat' dir='ltr'>quando</span> <span class='ocrx_word' id='word_1_255' title='bbox 654 2927 729 2964; x_wconf 85' lang='lat' dir='ltr'>casus</span> <span class='ocrx_word' id='word_1_256' title='bbox 737 2910 796 2990; x_wconf 44' lang='lat' dir='ltr'>&#39;sibi</span> <span class='ocrx_word' id='word_1_257' title='bbox 815 2911 953 2982; x_wconf 86' lang='lat' dir='ltr'>continget</span> <span class='ocrx_word' id='word_1_258' title='bbox 971 2911 1123 2982; x_wconf 86' lang='lat' dir='ltr'>acceptandi</span> <span class='ocrx_word' id='word_1_259' title='bbox 1142 2909 1217 2964; x_wconf 83' lang='lat' dir='ltr'>quta</span> <span class='ocrx_word' id='word_1_260' title='bbox 1235 2923 1386 2982; x_wconf 88' lang='lat' dir='ltr'>pretensum</span> <span class='ocrx_word' id='word_1_261' title='bbox 1404 2925 1452 2964; x_wconf 90' lang='lat' dir='ltr'>or·</span> 
     </span>
     <span class='ocr_line' id='line_1_26' title="bbox 286 2997 1453 3071; baseline -0.002 -17"><span class='ocrx_word' id='word_1_262' title='bbox 286 2999 385 3066; x_wconf 89' lang='lat' dir='ltr'>dinem,</span> <span class='ocrx_word' id='word_1_263' title='bbox 404 2999 488 3064; x_wconf 88' lang='lat' dir='ltr'>Quod</span> <span class='ocrx_word' id='word_1_264' title='bbox 506 3015 554 3071; x_wconf 89' lang='lat' dir='ltr'>pro</span> <span class='ocrx_word' id='word_1_265' title='bbox 573 2997 618 3053; x_wconf 93' lang='lat' dir='ltr'>illa</span> <span class='ocrx_word' id='word_1_266' title='bbox 636 2999 693 3053; x_wconf 81' lang='lat' dir='ltr'>vice</span> <span class='ocrx_word' id='word_1_267' title='bbox 711 2999 744 3052; x_wconf 90' lang='lat' dir='ltr'>sit</span> <span class='ocrx_word' id='word_1_268' title='bbox 762 2997 896 3052; x_wconf 82' lang='lat' dir='ltr'>exclussus</span> <span class='ocrx_word' id='word_1_269' title='bbox 914 2997 942 3052; x_wconf 92' lang='lat' dir='ltr'>in</span> <span class='ocrx_word' id='word_1_270' title='bbox 961 2999 1101 3052; x_wconf 86' lang='lat' dir='ltr'>seruiendu</span> <span class='ocrx_word' id='word_1_271' title='bbox 1120 3011 1147 3054; x_wconf 87' lang='lat' dir='ltr'>et</span> <span class='ocrx_word' id='word_1_272' title='bbox 1174 3000 1335 3070; x_wconf 86' lang='lat' dir='ltr'>acceptando</span> <span class='ocrx_word' id='word_1_273' title='bbox 1352 2997 1453 3052; x_wconf 89' lang='lat' dir='ltr'>dictum</span> 
     </span>
     <span class='ocr_line' id='line_1_27' title="bbox 286 3085 1454 3160; baseline -0.002 -18"><span class='ocrx_word' id='word_1_274' title='bbox 286 3087 402 3144; x_wconf 89' lang='lat' dir='ltr'>offitium</span> <span class='ocrx_word' id='word_1_275' title='bbox 420 3089 457 3142; x_wconf 87' lang='lat' dir='ltr'>sic</span> <span class='ocrx_word' id='word_1_276' title='bbox 475 3087 547 3160; x_wconf 88' lang='lat' dir='ltr'>quod</span> <span class='ocrx_word' id='word_1_277' title='bbox 565 3103 613 3159; x_wconf 93' lang='lat' dir='ltr'>pro</span> <span class='ocrx_word' id='word_1_278' title='bbox 631 3103 659 3142; x_wconf 87' lang='lat' dir='ltr'>sc</span> <span class='ocrx_word' id='word_1_279' title='bbox 678 3099 782 3142; x_wconf 87' lang='lat' dir='ltr'>tantum</span> <span class='ocrx_word' id='word_1_280' title='bbox 801 3103 856 3142; x_wconf 91' lang='lat' dir='ltr'>non</span> <span class='ocrx_word' id='word_1_281' title='bbox 885 3087 966 3158; x_wconf 82' lang='lat' dir='ltr'>possit</span> <span class='ocrx_word' id='word_1_282' title='bbox 985 3086 1019 3140; x_wconf 90' lang='lat' dir='ltr'>de</span> <span class='ocrx_word' id='word_1_283' title='bbox 1045 3087 1117 3140; x_wconf 88' lang='lat' dir='ltr'>dicto</span> <span class='ocrx_word' id='word_1_284' title='bbox 1135 3085 1220 3142; x_wconf 87' lang='lat' dir='ltr'>offitio</span> <span class='ocrx_word' id='word_1_285' title='bbox 1247 3088 1319 3141; x_wconf 88' lang='lat' dir='ltr'>dicto</span> <span class='ocrx_word' id='word_1_286' title='bbox 1346 3103 1407 3141; x_wconf 84' lang='lat' dir='ltr'>casu</span> <span class='ocrx_word' id='word_1_287' title='bbox 1426 3103 1454 3140; x_wconf 89' lang='lat' dir='ltr'>se</span> 
     </span>
     <span class='ocr_line' id='line_1_28' title="bbox 286 3174 1454 3248; baseline 0 -18"><span class='ocrx_word' id='word_1_288' title='bbox 286 3176 467 3232; x_wconf 86' lang='lat' dir='ltr'>intromittere</span> <span class='ocrx_word' id='word_1_289' title='bbox 485 3192 621 3248; x_wconf 82' lang='lat' dir='ltr'>quousque</span> <span class='ocrx_word' id='word_1_290' title='bbox 638 3176 710 3230; x_wconf 89' lang='lat' dir='ltr'>aliud</span> <span class='ocrx_word' id='word_1_291' title='bbox 728 3193 806 3230; x_wconf 89' lang='lat' dir='ltr'>suum</span> <span class='ocrx_word' id='word_1_292' title='bbox 817 3187 921 3246; x_wconf 86' lang='lat' dir='ltr'>tempus</span> <span class='ocrx_word' id='word_1_293' title='bbox 930 3174 1286 3230; x_wconf 86' lang='lat' dir='ltr'>adueneritReuoluendoet</span> <span class='ocrx_word' id='word_1_294' title='bbox 1296 3175 1454 3246; x_wconf 87' lang='lat' dir='ltr'>aspectando</span> 
     </span>
     <span class='ocr_line' id='line_1_29' title="bbox 288 3263 1452 3338; baseline -0.001 -19"><span class='ocrx_word' id='word_1_295' title='bbox 288 3265 419 3336; x_wconf 81' lang='lat' dir='ltr'>gradatim</span> <span class='ocrx_word' id='word_1_296' title='bbox 437 3277 561 3336; x_wconf 83' lang='lat' dir='ltr'>utsupra</span> <span class='ocrx_word' id='word_1_297' title='bbox 580 3263 631 3317; x_wconf 90' lang='lat' dir='ltr'>nisi</span> <span class='ocrx_word' id='word_1_298' title='bbox 649 3263 716 3318; x_wconf 83' lang='lat' dir='ltr'>sorte</span> <span class='ocrx_word' id='word_1_299' title='bbox 734 3277 854 3334; x_wconf 88' lang='lat' dir='ltr'>tempore</span> <span class='ocrx_word' id='word_1_300' title='bbox 872 3263 1061 3338; x_wconf 82' lang='lat' dir='ltr'>acceptationis</span> <span class='ocrx_word' id='word_1_301' title='bbox 1079 3277 1146 3317; x_wconf 85' lang='lat' dir='ltr'>esset</span> <span class='ocrx_word' id='word_1_302' title='bbox 1165 3265 1257 3318; x_wconf 86' lang='lat' dir='ltr'>absens</span> <span class='ocrx_word' id='word_1_303' title='bbox 1275 3281 1290 3318; x_wconf 87' lang='lat' dir='ltr'>a</span> <span class='ocrx_word' id='word_1_304' title='bbox 1310 3277 1377 3318; x_wconf 87' lang='lat' dir='ltr'>terra</span> <span class='ocrx_word' id='word_1_305' title='bbox 1396 3263 1452 3318; x_wconf 87' lang='lat' dir='ltr'>Bu-</span> 
     </span>
     <span class='ocr_line' id='line_1_30' title="bbox 288 3350 1455 3424; baseline -0.001 -18"><span class='ocrx_word' id='word_1_306' title='bbox 288 3353 367 3423; x_wconf 85' lang='lat' dir='ltr'>gelle,</span> <span class='ocrx_word' id='word_1_307' title='bbox 384 3368 440 3424; x_wconf 93' lang='lat' dir='ltr'>quo</span> <span class='ocrx_word' id='word_1_308' title='bbox 457 3369 518 3406; x_wconf 87' lang='lat' dir='ltr'>casu</span> <span class='ocrx_word' id='word_1_309' title='bbox 537 3351 657 3417; x_wconf 87' lang='lat' dir='ltr'>sufficiat,</span> <span class='ocrx_word' id='word_1_310' title='bbox 666 3353 689 3406; x_wconf 92' lang='lat' dir='ltr'>si</span> <span class='ocrx_word' id='word_1_311' title='bbox 706 3353 735 3406; x_wconf 93' lang='lat' dir='ltr'>in</span> <span class='ocrx_word' id='word_1_312' title='bbox 754 3369 856 3406; x_wconf 81' lang='lat' dir='ltr'>recessu</span> <span class='ocrx_word' id='word_1_313' title='bbox 874 3368 923 3406; x_wconf 89' lang='lat' dir='ltr'>suo</span> <span class='ocrx_word' id='word_1_314' title='bbox 943 3351 1128 3406; x_wconf 83' lang='lat' dir='ltr'>notifficauerit</span> <span class='ocrx_word' id='word_1_315' title='bbox 1139 3351 1300 3406; x_wconf 86' lang='lat' dir='ltr'>Consulibus</span> <span class='ocrx_word' id='word_1_316' title='bbox 1319 3352 1381 3406; x_wconf 90' lang='lat' dir='ltr'>dicti</span> <span class='ocrx_word' id='word_1_317' title='bbox 1394 3350 1455 3406; x_wconf 88' lang='lat' dir='ltr'>Col·</span> 
     </span>
     <span class='ocr_line' id='line_1_31' title="bbox 288 3439 1455 3514; baseline -0.001 -19"><span class='ocrx_word' id='word_1_318' title='bbox 288 3441 350 3514; x_wconf 85' lang='lat' dir='ltr'>legij</span> <span class='ocrx_word' id='word_1_319' title='bbox 370 3441 442 3514; x_wconf 90' lang='lat' dir='ltr'>quod</span> <span class='ocrx_word' id='word_1_320' title='bbox 460 3441 548 3513; x_wconf 90' lang='lat' dir='ltr'>ipsum</span> <span class='ocrx_word' id='word_1_321' title='bbox 566 3439 682 3496; x_wconf 88' lang='lat' dir='ltr'>offitium</span> <span class='ocrx_word' id='word_1_322' title='bbox 695 3441 809 3496; x_wconf 86' lang='lat' dir='ltr'>intendit</span> <span class='ocrx_word' id='word_1_323' title='bbox 822 3455 955 3514; x_wconf 85' lang='lat' dir='ltr'>acceptare</span> <span class='ocrx_word' id='word_1_324' title='bbox 967 3455 993 3498; x_wconf 90' lang='lat' dir='ltr'>et</span> <span class='ocrx_word' id='word_1_325' title='bbox 1004 3441 1103 3496; x_wconf 86' lang='lat' dir='ltr'>seruire</span> <span class='ocrx_word' id='word_1_326' title='bbox 1114 3453 1141 3494; x_wconf 84' lang='lat' dir='ltr'>et</span> <span class='ocrx_word' id='word_1_327' title='bbox 1153 3453 1303 3512; x_wconf 83' lang='lat' dir='ltr'>expectetur</span> <span class='ocrx_word' id='word_1_328' title='bbox 1314 3457 1360 3514; x_wconf 89' lang='lat' dir='ltr'>per</span> <span class='ocrx_word' id='word_1_329' title='bbox 1371 3457 1455 3495; x_wconf 81' lang='lat' dir='ltr'>vnum</span> 
     </span>
     <span class='ocr_line' id='line_1_32' title="bbox 289 3529 1091 3602; baseline -0.001 -17"><span class='ocrx_word' id='word_1_330' title='bbox 289 3547 411 3586; x_wconf 87' lang='lat' dir='ltr'>mensem</span> <span class='ocrx_word' id='word_1_331' title='bbox 429 3543 456 3585; x_wconf 86' lang='lat' dir='ltr'>et</span> <span class='ocrx_word' id='word_1_332' title='bbox 474 3547 529 3584; x_wconf 90' lang='lat' dir='ltr'>non</span> <span class='ocrx_word' id='word_1_333' title='bbox 547 3529 614 3583; x_wconf 78' lang='lat' dir='ltr'>vltra</span> <span class='ocrx_word' id='word_1_334' title='bbox 632 3540 692 3600; x_wconf 87' lang='lat' dir='ltr'>post</span> <span class='ocrx_word' id='word_1_335' title='bbox 710 3529 782 3584; x_wconf 89' lang='lat' dir='ltr'>diem</span> <span class='ocrx_word' id='word_1_336' title='bbox 800 3529 982 3586; x_wconf 84' lang='lat' dir='ltr'>lncohationis</span> <span class='ocrx_word' id='word_1_337' title='bbox 999 3529 1091 3602; x_wconf 87' lang='lat' dir='ltr'>officij.</span> 
     </span>
    </p>
   </div>
   <div class='ocr_carea' id='block_1_7' title="bbox 289 3671 1458 4077">
    <p class='ocr_par' dir='ltr' id='par_1_7' title="bbox 289 3671 1458 4077">
     <span class='ocr_line' id='line_1_33' title="bbox 327 3671 1455 3742; baseline -0.001 -19"><span class='ocrx_word' id='word_1_338' title='bbox 327 3686 366 3742; x_wconf 78' lang='lat'>39.</span> <span class='ocrx_word' id='word_1_339' title='bbox 386 3672 454 3725; x_wconf 89' lang='lat' dir='ltr'>ltem</span> <span class='ocrx_word' id='word_1_340' title='bbox 472 3671 606 3724; x_wconf 80' lang='lat' dir='ltr'>statutum</span> <span class='ocrx_word' id='word_1_341' title='bbox 623 3682 672 3724; x_wconf 89' lang='lat' dir='ltr'>est.</span> <span class='ocrx_word' id='word_1_342' title='bbox 691 3671 773 3733; x_wconf 87' lang='lat' dir='ltr'>Quod</span> <span class='ocrx_word' id='word_1_343' title='bbox 792 3671 894 3740; x_wconf 87' lang='lat' dir='ltr'>Notarij</span> <span class='ocrx_word' id='word_1_344' title='bbox 914 3671 1013 3742; x_wconf 83' lang='lat' dir='ltr'>quide</span> <span class='ocrx_word' id='word_1_345' title='bbox 1030 3685 1118 3726; x_wconf 85' lang='lat' dir='ltr'>cetero</span> <span class='ocrx_word' id='word_1_346' title='bbox 1137 3671 1336 3742; x_wconf 87' lang='lat' dir='ltr'>recipietrturad</span> <span class='ocrx_word' id='word_1_347' title='bbox 1355 3671 1455 3724; x_wconf 88' lang='lat' dir='ltr'>dictum</span> 
     </span>
     <span class='ocr_line' id='line_1_34' title="bbox 289 3758 1456 3830; baseline -0.002 -18"><span class='ocrx_word' id='word_1_348' title='bbox 289 3758 451 3830; x_wconf 80' lang='lat' dir='ltr'>Collegium,</span> <span class='ocrx_word' id='word_1_349' title='bbox 471 3775 518 3829; x_wconf 87' lang='lat' dir='ltr'>pro</span> <span class='ocrx_word' id='word_1_350' title='bbox 536 3775 564 3812; x_wconf 92' lang='lat' dir='ltr'>se</span> <span class='ocrx_word' id='word_1_351' title='bbox 582 3769 686 3812; x_wconf 89' lang='lat' dir='ltr'>tautum</span> <span class='ocrx_word' id='word_1_352' title='bbox 706 3773 762 3812; x_wconf 90' lang='lat' dir='ltr'>non</span> <span class='ocrx_word' id='word_1_353' title='bbox 781 3759 882 3829; x_wconf 89' lang='lat' dir='ltr'>possint</span> <span class='ocrx_word' id='word_1_354' title='bbox 900 3760 933 3813; x_wconf 85' lang='lat' dir='ltr'>de</span> <span class='ocrx_word' id='word_1_355' title='bbox 951 3760 1023 3813; x_wconf 87' lang='lat' dir='ltr'>dicto</span> <span class='ocrx_word' id='word_1_356' title='bbox 1041 3759 1127 3813; x_wconf 87' lang='lat' dir='ltr'>offitio</span> <span class='ocrx_word' id='word_1_357' title='bbox 1146 3775 1174 3812; x_wconf 90' lang='lat' dir='ltr'>se</span> <span class='ocrx_word' id='word_1_358' title='bbox 1201 3758 1385 3822; x_wconf 83' lang='lat' dir='ltr'>intromittere,</span> <span class='ocrx_word' id='word_1_359' title='bbox 1405 3759 1456 3810; x_wconf 89' lang='lat' dir='ltr'>nisi</span> 
     </span>
     <span class='ocr_line' id='line_1_35' title="bbox 289 3846 1456 3918; baseline 0 -18"><span class='ocrx_word' id='word_1_360' title='bbox 289 3847 361 3917; x_wconf 90' lang='lat' dir='ltr'>prins</span> <span class='ocrx_word' id='word_1_361' title='bbox 378 3859 438 3918; x_wconf 90' lang='lat' dir='ltr'>post</span> <span class='ocrx_word' id='word_1_362' title='bbox 456 3847 634 3917; x_wconf 85' lang='lat' dir='ltr'>receptionem</span> <span class='ocrx_word' id='word_1_363' title='bbox 661 3847 780 3918; x_wconf 85' lang='lat' dir='ltr'>ipsorum</span> <span class='ocrx_word' id='word_1_364' title='bbox 807 3863 902 3900; x_wconf 83' lang='lat' dir='ltr'>omnes</span> <span class='ocrx_word' id='word_1_365' title='bbox 928 3846 971 3918; x_wconf 84' lang='lat' dir='ltr'>aiij</span> <span class='ocrx_word' id='word_1_366' title='bbox 992 3848 1170 3917; x_wconf 81' lang='lat' dir='ltr'>precedentes,</span> <span class='ocrx_word' id='word_1_367' title='bbox 1188 3847 1210 3900; x_wconf 87' lang='lat' dir='ltr'>si</span> <span class='ocrx_word' id='word_1_368' title='bbox 1229 3847 1267 3900; x_wconf 85' lang='lat' dir='ltr'>eis</span> <span class='ocrx_word' id='word_1_369' title='bbox 1285 3847 1411 3918; x_wconf 84' lang='lat' dir='ltr'>placuerit</span> <span class='ocrx_word' id='word_1_370' title='bbox 1429 3847 1456 3899; x_wconf 86' lang='lat' dir='ltr'>itt</span> 
     </span>
     <span class='ocr_line' id='line_1_36' title="bbox 289 3932 1458 4006; baseline 0 -18"><span class='ocrx_word' id='word_1_371' title='bbox 289 3934 347 4005; x_wconf 86' lang='lat' dir='ltr'>ipso</span> <span class='ocrx_word' id='word_1_372' title='bbox 365 3933 452 3989; x_wconf 86' lang='lat' dir='ltr'>offitio</span> <span class='ocrx_word' id='word_1_373' title='bbox 468 3933 635 3998; x_wconf 87' lang='lat' dir='ltr'>seruiuerint,</span> <span class='ocrx_word' id='word_1_374' title='bbox 644 3934 856 4006; x_wconf 88' lang='lat' dir='ltr'>quibuscumque</span> <span class='ocrx_word' id='word_1_375' title='bbox 873 3933 932 4005; x_wconf 82' lang='lat' dir='ltr'>elijs</span> <span class='ocrx_word' id='word_1_376' title='bbox 942 3932 1052 3988; x_wconf 87' lang='lat' dir='ltr'>Statutis</span> <span class='ocrx_word' id='word_1_377' title='bbox 1070 3935 1098 3988; x_wconf 91' lang='lat' dir='ltr'>in</span> <span class='ocrx_word' id='word_1_378' title='bbox 1111 3933 1273 3988; x_wconf 67' lang='lat' dir='ltr'>conantium</span> <span class='ocrx_word' id='word_1_379' title='bbox 1285 3947 1340 3989; x_wconf 90' lang='lat' dir='ltr'>non</span> <span class='ocrx_word' id='word_1_380' title='bbox 1353 3935 1458 3988; x_wconf 83' lang='lat' dir='ltr'>obstan·</span> 
     </span>
     <span class='ocr_line' id='line_1_37' title="bbox 291 4021 370 4077; baseline 0.013 -2"><span class='ocrx_word' id='word_1_381' title='bbox 291 4021 370 4077; x_wconf 76' lang='lat' dir='ltr'>tibus</span> 
     </span>
    </p>
   </div>
   <div class='ocr_carea' id='block_1_8' title="bbox 291 4162 1459 4412">
    <p class='ocr_par' dir='ltr' id='par_1_8' title="bbox 291 4162 1459 4412">
     <span class='ocr_line' id='line_1_38' title="bbox 326 4162 1459 4234; baseline -0.003 -16"><span class='ocrx_word' id='word_1_382' title='bbox 326 4177 370 4230; x_wconf 82' lang='grc' dir='ltr'>4ο.</span> <span class='ocrx_word' id='word_1_383' title='bbox 388 4163 456 4218; x_wconf 89' lang='lat' dir='ltr'>Item</span> <span class='ocrx_word' id='word_1_384' title='bbox 474 4163 609 4220; x_wconf 79' lang='lat' dir='ltr'>statutum</span> <span class='ocrx_word' id='word_1_385' title='bbox 627 4177 674 4220; x_wconf 82' lang='lat' dir='ltr'>est</span> <span class='ocrx_word' id='word_1_386' title='bbox 702 4163 784 4227; x_wconf 89' lang='lat' dir='ltr'>Quod</span> <span class='ocrx_word' id='word_1_387' title='bbox 812 4163 901 4218; x_wconf 88' lang='lat' dir='ltr'>nullus</span> <span class='ocrx_word' id='word_1_388' title='bbox 929 4164 962 4218; x_wconf 92' lang='lat' dir='ltr'>de</span> <span class='ocrx_word' id='word_1_389' title='bbox 992 4163 1064 4218; x_wconf 90' lang='lat' dir='ltr'>dicto</span> <span class='ocrx_word' id='word_1_390' title='bbox 1091 4162 1215 4234; x_wconf 88' lang='lat' dir='ltr'>Collegto</span> <span class='ocrx_word' id='word_1_391' title='bbox 1239 4179 1285 4233; x_wconf 91' lang='lat' dir='ltr'>per</span> <span class='ocrx_word' id='word_1_392' title='bbox 1302 4179 1331 4216; x_wconf 88' lang='lat' dir='ltr'>se</span> <span class='ocrx_word' id='word_1_393' title='bbox 1348 4179 1394 4216; x_wconf 89' lang='lat' dir='ltr'>seu</span> <span class='ocrx_word' id='word_1_394' title='bbox 1413 4177 1459 4232; x_wconf 88' lang='lat' dir='ltr'>per</span> 
     </span>
     <span class='ocr_line' id='line_1_39' title="bbox 291 4249 1458 4322; baseline -0.002 -16"><span class='ocrx_word' id='word_1_395' title='bbox 291 4251 375 4306; x_wconf 85' lang='lat' dir='ltr'>alium</span> <span class='ocrx_word' id='word_1_396' title='bbox 394 4253 475 4322; x_wconf 85' lang='lat' dir='ltr'>possit</span> <span class='ocrx_word' id='word_1_397' title='bbox 493 4253 527 4306; x_wconf 85' lang='lat' dir='ltr'>dc</span> <span class='ocrx_word' id='word_1_398' title='bbox 544 4253 616 4308; x_wconf 85' lang='lat' dir='ltr'>dicto</span> <span class='ocrx_word' id='word_1_399' title='bbox 634 4251 720 4306; x_wconf 88' lang='lat' dir='ltr'>offitio</span> <span class='ocrx_word' id='word_1_400' title='bbox 749 4269 777 4306; x_wconf 92' lang='lat' dir='ltr'>se</span> <span class='ocrx_word' id='word_1_401' title='bbox 804 4251 989 4317; x_wconf 88' lang='lat' dir='ltr'>intromittere,</span> <span class='ocrx_word' id='word_1_402' title='bbox 1016 4251 1068 4305; x_wconf 86' lang='lat' dir='ltr'>nisi</span> <span class='ocrx_word' id='word_1_403' title='bbox 1096 4251 1167 4322; x_wconf 89' lang='lat' dir='ltr'>prius</span> <span class='ocrx_word' id='word_1_404' title='bbox 1194 4251 1324 4320; x_wconf 87' lang='lat' dir='ltr'>scripserit</span> <span class='ocrx_word' id='word_1_405' title='bbox 1342 4249 1370 4304; x_wconf 91' lang='lat' dir='ltr'>in</span> <span class='ocrx_word' id='word_1_406' title='bbox 1390 4249 1458 4304; x_wconf 90' lang='lat' dir='ltr'>libro</span> 
     </span>
     <span class='ocr_line' id='line_1_40' title="bbox 292 4337 1064 4412; baseline -0.003 -18"><span class='ocrx_word' id='word_1_407' title='bbox 292 4339 457 4394; x_wconf 87' lang='lat' dir='ltr'>Statutorum</span> <span class='ocrx_word' id='word_1_408' title='bbox 476 4341 548 4394; x_wconf 89' lang='lat' dir='ltr'>diem</span> <span class='ocrx_word' id='word_1_409' title='bbox 567 4353 593 4394; x_wconf 81' lang='lat' dir='ltr'>et</span> <span class='ocrx_word' id='word_1_410' title='bbox 611 4353 717 4412; x_wconf 87' lang='lat' dir='ltr'>tempus</span> <span class='ocrx_word' id='word_1_411' title='bbox 735 4339 855 4412; x_wconf 89' lang='lat' dir='ltr'>principij</span> <span class='ocrx_word' id='word_1_412' title='bbox 876 4339 957 4409; x_wconf 86' lang='lat' dir='ltr'>ipsius</span> <span class='ocrx_word' id='word_1_413' title='bbox 975 4337 1064 4410; x_wconf 86' lang='lat' dir='ltr'>officij.</span> 
     </span>
    </p>
   </div>
   <div class='ocr_carea' id='block_1_9' title="bbox 0 0 1993 5542">
    <p class='ocr_par' dir='ltr' id='par_1_9' title="bbox 0 0 1993 5542">
     <span class='ocr_line' id='line_1_41' title="bbox 0 0 1993 5542; baseline 0 0"><span class='ocrx_word' id='word_1_414' title='bbox 0 0 1993 5542; x_wconf 95' lang='lat' dir='ltr'> </span> 
     </span>
    </p>
   </div>
  </div>
 </body>
</html>
