3958 5540
553 515 585 568 54

551 619 595 674 uel
614 637 666 690 que
678 619 761 690 possit
772 617 959 690 dampnificnre
977 618 1077 690 aliquas
1095 619 1273 691 possessiones
1290 618 1401 674 alicuius
1418 619 1538 674 hominis
1556 619 1590 673 de
1601 617 1715 689 bugella

551 709 641 778 etqui
660 706 849 762 contrafecerit.
876 707 964 761 soluat
992 709 1111 761 bannum
1128 707 1177 760 sol
1196 708 1253 762 XX
1273 724 1316 778 pp.
1335 708 1377 776 (1)
1406 725 1455 761 noc
1482 708 1511 762 in
1538 707 1626 778 aliqua
1643 717 1717 777 porte

550 810 629 864 super
646 795 834 850 communibus
851 795 922 848 Intra
940 793 1073 848 clausuras
1091 793 1167 864 placij
1184 793 1291 864 etplnni
1305 795 1384 863 (1)et
1398 793 1523 848 officiales
1535 811 1669 848 accussare
1681 804 1717 845 te·

551 894 670 936 netnnrr.
689 895 716 936 et
734 883 807 953 quod
828 882 949 936 consulet
961 899 1017 936 non
1027 883 1128 952 possint
1142 883 1204 935 dnre
1216 881 1362 936 licenciam.
1372 895 1411 935 set
1423 893 1562 936 teneantur
1574 881 1715 951 inquirere.

551 969 572 1022 si
591 969 669 1023 fuerit
686 971 724 1023 eis
742 970 931 1023 denunciatum
949 981 976 1022 et
996 981 1084 1023 tenere
1102 969 1303 1022 denuntiatores
1321 981 1348 1022 et
1365 981 1540 1023 accussotoret
1558 970 1682 1039 priuatos.

588 1110 648 1163 280.
666 1110 734 1162 Item
752 1121 880 1163 statutum
898 1109 1026 1180 estquod
1045 1108 1135 1161 nullus
1153 1109 1246 1161 debmt
1263 1121 1353 1162 tenere
1372 1109 1488 1180 aliquam
1516 1109 1644 1162 scrinetm
1663 1123 1715 1177 que

550 1195 645 1249 habent
662 1197 763 1249 exitum
781 1197 863 1266 ipsius
882 1196 983 1250 scrinee
1000 1213 1078 1265 super
1096 1207 1192 1249 terram
1211 1197 1341 1249 comunis
1360 1196 1393 1249 Et
1411 1197 1457 1266 qui
1475 1194 1657 1250 contrafecerit
1675 1210 1714 1247 so

549 1282 605 1335 lunt
624 1283 743 1336 bannum
761 1283 810 1336 sol.
829 1282 887 1337 XX.
907 1300 949 1353 pp.
968 1295 1058 1354 postet
1076 1281 1175 1336 auferat
1194 1300 1261 1336 mm.
1289 1283 1332 1351 (2)
1350 1283 1384 1336 Et
1411 1283 1484 1352 quod
1510 1282 1600 1336 nullus
1621 1282 1715 1335 debent

549 1381 638 1422 tenere
656 1370 785 1423 scrinerm
803 1385 882 1439 super
898 1385 1022 1424 comune.
1041 1382 1068 1423 et
1086 1369 1158 1440 quod
1170 1370 1282 1441 quilibet
1292 1371 1375 1440 possit
1386 1386 1508 1424 eocusnre
1521 1381 1547 1423 et
1558 1368 1715 1423 denuntiare

549 1469 576 1511 et
593 1458 726 1511 tenebitur
743 1458 868 1528 priuatus
887 1457 938 1528 (ι).

585 1596 644 1649 281.
662 1597 730 1649 Item
748 1607 876 1649 statutum
894 1607 933 1650 est
951 1597 1023 1668 quod
1041 1595 1130 1667 aliqua
1148 1612 1260 1666 persona
1272 1612 1329 1650 non
1341 1597 1434 1650 debent
1446 1597 1564 1666 proicere
1575 1611 1673 1666 nquam
1686 1595 1714 1649 in

549 1699 603 1754 qua
621 1683 725 1736 bnnintn
743 1683 787 1736 uel
806 1683 915 1738 molintn
933 1683 1031 1737 fuerint
1050 1683 1121 1737 coria
1139 1683 1227 1755 pefutn
1254 1700 1303 1738 nec
1321 1701 1432 1754 acquam
1451 1683 1582 1753 calcinarij
1603 1683 1646 1754 (2)
1665 1700 1714 1736 nec

549 1787 646 1840 aquam
663 1770 774 1840 molticij
794 1771 852 1824 siue
869 1770 1021 1825 molticium
1039 1771 1082 1824 uel
1101 1773 1210 1841 petiam.
1223 1787 1309 1842 neque
1325 1771 1406 1841 pelles
1418 1771 1551 1824 molliams
1560 1770 1617 1824 siue
1634 1771 1714 1823 corin.

548 1858 577 1910 in
595 1858 645 1927 vijs
663 1857 791 1928 pubblicis
809 1857 852 1910 uel
871 1855 982 1927 plnther‘s
1000 1875 1046 1911 seu
1065 1857 1110 1910 fint
1128 1857 1195 1912 fetor
1215 1858 1258 1927 (2)
1276 1876 1328 1928 que
1347 1859 1446 1911 undant
1463 1859 1491 1911 in
1510 1858 1567 1910 uias
1579 1856 1714 1928 pubblicas

550 1945 594 2012 (3)
611 1961 660 1998 nec
678 1946 706 1998 in
725 1946 800 2015 rugit
819 1945 893 2015 pltcij
915 1946 957 1999 uel
976 1945 1047 2015 plani
1066 1946 1110 2015 (3)
1122 1945 1218 2015 aliquo
1229 1947 1319 1999 modo.
1331 1946 1365 1998 Et
1377 1946 1423 2016 qui
1435 1944 1616 1998 contrafecerit
1628 1944 1714 1997 solunt

549 2033 668 2085 bannum
687 2049 735 2102 pro
752 2033 872 2102 quolibet
890 2045 916 2086 et
934 2032 1050 2103 qualibet
1068 2033 1125 2086 vice
1143 2032 1190 2085 sol.
1210 2033 1337 2103 quinque
1355 2049 1398 2103 pp.
1411 2044 1439 2085 et
1456 2034 1568 2103 quisque
1581 2033 1663 2102 possit
1674 2048 1714 2084 nc-

549 2135 652 2172 cussnre
664 2131 691 2173 et
703 2119 798 2173 hubent
809 2135 885 2173 suam
897 2131 998 2190 partem
1011 2120 1100 2172 banni.
1112 2119 1146 2172 Et
1157 2119 1279 2173 consules
1291 2136 1347 2173 non
1357 2120 1459 2189 possint
1467 2121 1528 2172 dare
1537 2118 1676 2190 licenciam
1689 2131 1715 2172 et

549 2205 672 2261 consules
690 2217 830 2261 teneantur
846 2207 980 2276 inquirere
997 2219 1024 2260 et
1042 2219 1132 2260 tenere
1149 2219 1325 2261 accussatoret
1335 2219 1362 2260 et
1374 2207 1576 2260 denunciatores
1589 2196 1714 2276 priu'ttos.

584 2364 644 2417 282.
662 2364 730 2416 Item
747 2375 875 2417 statutum
893 2365 1020 2434 estquod
1040 2363 1129 2418 nullus
1149 2364 1242 2417 debent
1260 2365 1298 2418 ire
1316 2377 1463 2434 pnmmtum
1481 2365 1512 2418 ln
1531 2365 1573 2418 vin
1592 2364 1711 2418 lontani

548 2451 696 2506 tlossentn
714 2449 848 2521 usquead
866 2467 971 2504 crucem
1000 2451 1126 2504 lnuamni.
1155 2451 1189 2504 Et
1206 2452 1253 2522 qui
1271 2451 1453 2505 contrafecerit
1481 2450 1568 2504 soluat
1586 2452 1714 2504 bannum.

548 2537 597 2592 sol.
616 2537 649 2591 V.
667 2549 694 2590 et
711 2537 834 2592 consulet
851 2554 908 2591 non
926 2539 1027 2608 possint
1045 2540 1107 2592 dare
1125 2538 1271 2592 licenciam.
1284 2539 1318 2592 Et
1335 2539 1375 2591 illi
1387 2539 1433 2610 qui
1449 2539 1550 2592 ducunt
1561 2555 1657 2608 nquam
1670 2555 1716 2608 per

548 2626 647 2678 dictam
665 2625 736 2678 vitm
754 2642 810 2680 non
829 2626 942 2679 debeant
959 2637 1115 2680 unumne
1132 2627 1211 2679 viam
1231 2626 1282 2678 nisi
1294 2624 1403 2679 fecerint
1414 2626 1500 2680 bonos
1518 2637 1618 2696 pontes
1637 2642 1715 2695 super

549 2713 630 2766 uiam
649 2725 676 2766 et
694 2713 740 2784 qui
759 2712 940 2767 contrafecerit
958 2713 1045 2766 soluat
1062 2715 1182 2766 bannum
1202 2730 1249 2784 pro
1267 2713 1387 2783 quolibet
1404 2725 1430 2766 et
1447 2712 1564 2783 qualibet
1581 2714 1646 2766 vice.
1665 2711 1714 2766 sol.

547 2800 606 2854 xit
625 2817 667 2870 pp.
686 2799 731 2853 ille
749 2802 796 2871 qui
814 2800 921 2854 duceret
939 2801 982 2854 uel
1001 2801 1109 2854 haberet
1126 2801 1155 2854 in
1174 2801 1260 2872 protis
1280 2813 1307 2854 et
1324 2817 1402 2870 super
1421 2801 1545 2870 pontibus
1557 2799 1713 2854 ducentibus

548 2904 645 2958 aquam
663 2899 690 2941 et
708 2888 830 2941 consules
848 2899 988 2941 tenantur
1006 2888 1139 2960 inquirere
1156 2889 1178 2942 si
1197 2888 1235 2941 eis
1253 2887 1331 2941 fuerit
1349 2888 1547 2942 denunciatum

584 3027 644 3096 283.
663 3026 731 3081 Item
749 3038 877 3082 statutum
895 3039 934 3081 est
952 3027 1024 3097 quod
1042 3026 1133 3080 nullus
1151 3026 1272 3081 ferrarius
1291 3039 1382 3082 ronzet
1399 3027 1517 3098 aliquam
1536 3026 1668 3098 segetiam
1685 3027 1714 3080 in

549 3109 638 3182 aliqua
656 3125 736 3183 parte.
755 3114 795 3168 ltn
812 3115 885 3184 quod
904 3127 1041 3169 ronrnturn
1059 3115 1141 3185 possit
1159 3115 1197 3168 ire
1214 3115 1243 3166 in
1262 3115 1304 3167 vin
1317 3113 1427 3184 publica.
1447 3131 1496 3168 nec
1508 3131 1552 3168 ms
1564 3127 1714 3168 ronrntums

551 3200 669 3269 proicere
686 3201 714 3253 in
733 3201 783 3254 vin
802 3212 828 3254 et
849 3201 895 3271 qui
913 3201 1094 3255 oontrnfecerit
1112 3201 1198 3254 soluat
1216 3203 1335 3256 bannum
1353 3218 1401 3272 pro
1419 3201 1538 3272 quolibet
1555 3215 1582 3256 et
1599 3202 1715 3272 qualibet

549 3287 615 3342 vice.
634 3288 683 3342 soi.
702 3287 735 3342 V.
754 3305 797 3359 pp.
816 3301 842 3342 ct
859 3289 971 3359 quilibet
988 3290 1070 3359 possit
1087 3305 1221 3343 accussore
1239 3289 1327 3360 pelam
1345 3301 1371 3342 et
1389 3289 1521 3360 priuatim.

584 3429 646 3499 283.
665 3429 709 3500 (4)
726 3429 794 3483 Item
813 3439 942 3483 statutum
960 3441 999 3483 est
1017 3430 1089 3500 quod
1107 3429 1195 3500 aliqua
1214 3445 1325 3500 persona
1342 3445 1400 3483 non
1418 3430 1513 3483 nudent
1525 3429 1569 3482 uel
1581 3441 1716 3500 presumat

547 3532 620 3570 seme
638 3533 688 3571 nec
706 3517 773 3570 seori
794 3515 878 3570 facere
896 3528 968 3586 pram
986 3533 1039 3587 que
1057 3528 1162 3570 teneto
1181 3517 1298 3570 comuni.
1318 3516 1369 3570 nisi
1396 3527 1501 3570 tanturn
1529 3528 1659 3588 quantum
1677 3518 1716 3570 eis

548 3605 711 3674 assignatum
730 3615 756 3657 et
775 3604 980 3657 determinatum
999 3615 1038 3656 est
1056 3621 1103 3673 per
1119 3619 1244 3657 comune
1270 3602 1314 3656 uel
1332 3603 1442 3657 nuntios
1459 3603 1522 3656 dicti
1541 3604 1671 3658 comunis
1689 3617 1717 3657 et

548 3691 700 3762 quicunque
717 3691 814 3745 seuerit
832 3691 899 3745 ultro
917 3707 1070 3744 mensuram
1099 3691 1215 3744 debitum
1228 3703 1255 3744 et
1281 3692 1347 3743 smri
1375 3689 1472 3743 fecerit
1491 3707 1538 3743 seu
1556 3692 1668 3744 seruerit
1686 3692 1714 3744 in

549 3779 702 3848 sornpresijs
715 3779 758 3848 (1)
769 3794 816 3832 seu
828 3777 1010 3832 hedificnuerit
1028 3777 1186 3831 lnbomuerit
1198 3777 1241 3830 uel
1253 3776 1329 3830 aliter
1340 3792 1500 3846 quocunque
1513 3777 1596 3830 modo
1608 3793 1717 3847 occupo-

549 3866 619 3919 uerit
636 3877 732 3919 terram
749 3867 873 3920 comunis
891 3865 934 3919 uel
952 3865 1002 3920 sibi
1020 3864 1109 3920 dtmm
1127 3880 1174 3934 per
1190 3865 1379 3936 soprtpretinm
1391 3864 1559 3933 cedat(1)nb
1571 3865 1647 3918 omni
1659 3865 1716 3919 iure

574 4141 607 4196 (t)
620 4143 652 4196 (ι)
665 4141 730 4184 Verbi
744 4152 815 4198 perne
828 4143 905 4194 mdiu,
919 4142 965 4186 iliis
979 4142 1064 4186 rbruir.

575 4213 608 4266 (2)
621 4213 652 4262 (ι)
666 4223 686 4252 et
701 4213 731 4265 (ς)
745 4214 773 4266 (3)
788 4213 854 4254 verb·
867 4223 939 4268 postet
952 4215 1029 4255 ntlditr.

574 4282 607 4338 (4)
619 4282 740 4323 Posteriorit
755 4293 803 4324 tunt
816 4285 868 4334 tevi,
882 4285 1012 4338 minittisqne
1026 4283 1140 4326 inionibus
1153 4283 1217 4326 literis
1232 4292 1301 4328 went
1314 4284 1403 4341 opimi·
1415 4285 1456 4339 2⁸4
1468 4293 1489 4330 et
1502 4285 1549 4340 ὥς.
