3926 5542
526 475 575 542 184

524 597 675 652 mentione
693 599 858 668 peccuniaria
876 614 924 669 pro
942 611 1015 670 parte
1032 599 1156 654 mmunis
1174 599 1217 654 uel
1236 599 1423 670 oorpotaliubi
1441 615 1498 654 nnn
1511 597 1703 667 condampne-

521 697 564 738 tur
581 686 614 740 ad
634 699 757 751 mottem,
776 687 858 750 Quod
877 687 964 740 taliter
981 687 1139 758 delinquens
1157 687 1306 742 detineatur
1323 685 1700 756 personaliterinotrctaibus

521 772 553 826 ad
573 773 730 828 instanciam
748 775 857 844 dampni
876 775 943 845 passi
962 775 1129 846 usquedum
1148 773 1226 828 suerit
1243 775 1272 828 in
1290 774 1432 828 concordia
1450 789 1513 826 ctam
1531 773 1608 826 code
1617 773 1698 825 testi—
1746 763 1753 772 ’

520 861 624 915 tutione
642 861 705 916 dicti
722 861 804 931 dupli

523 1058 573 1124 34.
596 1037 647 1104 De
669 1039 910 1106 comittentibus
943 1037 1129 1106 incendium
1164 1039 1199 1106 in
1233 1037 1419 1105 nemoribus
1445 1054 1478 1104 et
1500 1036 1568 1124 aliis
1592 1035 1690 1104 rebus

564 1144 814 1231 capescentibus.

554 1249 622 1303 Item
641 1261 768 1304 statutum
786 1251 915 1321 estquod
934 1252 956 1305 si
974 1252 1033 1323 quis
1051 1250 1180 1322 possuerit
1192 1251 1282 1320 ignem
1295 1249 1322 1303 in
1332 1249 1440 1321 aliquod
1450 1266 1545 1302 nemus
1555 1249 1689 1302 Comunis

521 1337 631 1408 Bugella
648 1350 789 1408 appansate
807 1340 1019 1408 condampnetur
1036 1339 1066 1392 ln
1086 1338 1159 1391 libris
1178 1337 1295 1391 Centum
1313 1337 1487 1408 papiensium.
1496 1337 1531 1390 Et
1549 1336 1616 1390 ultra
1633 1337 1690 1390 hoc

520 1426 552 1478 ad
571 1427 765 1480 restitutionem
783 1426 892 1496 dampni
910 1425 991 1480 fiendi
1010 1444 1056 1496 per
1073 1427 1237 1482 estimatores
1249 1429 1371 1480 comunis
1381 1425 1498 1496 Bugelle.
1510 1425 1586 1488 Quas
1598 1425 1620 1479 si
1630 1441 1687 1478 non

520 1514 628 1568 soluerit
646 1513 714 1566 infra
732 1513 877 1567 terminum
895 1515 945 1568 sibi
963 1515 1134 1570 statuendam
1153 1527 1267 1586 ponatur
1284 1517 1317 1568 ad
1336 1515 1465 1568 berlinam
1484 1527 1511 1568 et
1522 1514 1558 1566 ibi
1578 1525 1628 1567 stet
1641 1531 1689 1584 per

520 1618 603 1655 unam
620 1601 701 1666 diem,
719 1601 753 1655 Et
771 1611 862 1672 postea
880 1601 1020 1672 fustigetur
1036 1621 1083 1674 per
1099 1616 1198 1657 terram
1217 1603 1335 1674 bugelle,
1345 1603 1378 1656 Et
1388 1603 1485 1656 deinde
1503 1601 1553 1655 sibi
1571 1618 1625 1654 nna
1642 1618 1689 1654 au·

520 1689 602 1742 ricula
619 1701 777 1759 amputetur,
795 1689 882 1744 taliter
900 1691 971 1761 quod
990 1707 1005 1744 a
1023 1692 1108 1762 capite
1125 1703 1266 1762 separetur.
1285 1691 1313 1744 Si
1332 1706 1396 1744 uero
1414 1691 1443 1743 in
1462 1706 1558 1743 netnus
1579 1689 1688 1742 alterius

520 1776 660 1847 singularis
678 1794 789 1848 persone
807 1779 1018 1848 condampnetur
1035 1779 1068 1832 ad
1091 1779 1285 1832 restitutionem
1313 1777 1421 1848 dampni
1452 1793 1537 1848 passo.
1556 1777 1598 1842 Et,
1616 1777 1686 1830 ultra

519 1865 580 1930 hoc,
598 1865 628 1919 lu
648 1865 720 1920 libris
737 1864 961 1948 uigintiquiaque,
970 1867 1144 1937 papiensium,
1153 1866 1314 1937 applicandis
1328 1865 1446 1920 comuni
1456 1865 1486 1919 Si
1504 1881 1569 1920 uero
1587 1866 1615 1918 in
1624 1881 1686 1919 earn

519 1971 565 2007 seu
583 1955 723 2008 cumulum
741 1953 794 2008 feni
813 1955 855 2008 uel
875 1955 954 2020 bladi,
966 1957 1130 2024 puniaturad
1150 1955 1343 2008 restitutionem
1354 1954 1463 2024 dampni
1475 1970 1560 2024 passo,
1570 1953 1604 2008 Et
1617 1953 1685 2007 ultra

519 2043 570 2096 hoc
589 2042 619 2096 lu
639 2043 711 2096 libris
729 2043 930 2114 quinquaginta,
950 2043 1124 2113 papiensium,
1142 2043 1304 2113 applicandis
1322 2043 1431 2096 comuni
1450 2041 1564 2112 bugella
1582 2041 1685 2096 Siuem

518 2131 667 2184 causulatus
687 2130 729 2183 uel
748 2131 799 2183 alia
818 2130 982 2200 negligentia
1000 2147 1055 2184 non
1075 2132 1175 2195 dolose,
1187 2130 1407 2200 Condampnetur
1425 2129 1514 2183 solum
1533 2131 1566 2182 ad
1585 2129 1686 2183 testina-

519 2221 621 2272 tionem
639 2219 748 2288 dampni
766 2219 912 2271 secundum
931 2219 1127 2272 estimationem
1155 2218 1272 2272 fiendam
1299 2236 1345 2288 per
1369 2219 1536 2271 estimatorts
1562 2217 1686 2272 comunis

519 2307 631 2377 bugelle,
649 2305 684 2359 Et
701 2306 729 2358 in
748 2306 870 2376 predictis
889 2306 972 2375 possit
989 2307 1095 2374 procedi
1114 2306 1197 2359 modo
1216 2318 1242 2359 et
1260 2305 1346 2360 forma
1365 2306 1393 2360 in
1414 2305 1538 2376 proximo
1555 2305 1684 2376 superiori

518 2407 616 2447 statuto
634 2395 773 2447 contentis.

521 2589 572 2658 35.
595 2571 646 2638 De
669 2568 756 2637 falsis
779 2587 811 2636 et
834 2569 966 2658 falsariis
989 2588 1022 2637 et
1045 2569 1242 2640 falsitatibus.

434 2731 436 2740 ,
553 2678 596 2731 Ad
614 2678 667 2730 hoc
686 2675 809 2730 falsitates
836 2677 923 2730 circha
950 2677 1125 2732 instrumenta
1146 2690 1172 2731 et
1190 2678 1329 2748 scripturas
1347 2679 1464 2748 publicas
1481 2691 1508 2733 et
1526 2680 1640 2750 priuatos
1657 2691 1685 2734 et

518 2781 670 2836 processum
687 2777 714 2817 et
731 2780 910 2835 quascumque
928 2764 992 2818 alias
1010 2766 1155 2834 scripturas.
1166 2766 1196 2818 In
1215 2766 1311 2837 quibus
1330 2765 1426 2820 falsitas
1435 2767 1618 2821 comitteretur
1627 2784 1683 2822 non

518 2854 679 2908 comittatut.
697 2853 832 2906 Statutum
850 2865 897 2918 est,
916 2853 988 2924 quod
1007 2854 1029 2906 si
1048 2853 1142 2923 aliquis
1161 2853 1302 2908 confecerit
1321 2854 1438 2925 aliquam
1456 2856 1612 2926 scripturam
1630 2873 1683 2926 pu-

518 2943 614 2997 blicam
632 2941 725 2996 salsam
743 2959 775 2996 ex
794 2953 863 2995 certa
881 2943 990 2995 scientia
1009 2941 1276 3012 Condampneturin
1295 2943 1367 2996 libris
1385 2945 1614 3015 quinquecentum
1633 2961 1682 3014 pa-

518 3031 658 3102 piensium,
676 3031 770 3085 dandis
787 3043 814 3084 et
831 3031 966 3085 soluendis
984 3047 1030 3084 seu
1049 3030 1210 3101 applicandis
1228 3033 1337 3085 comuni
1356 3031 1474 3103 Bugella.
1494 3033 1569 3095 Quas
1587 3034 1609 3087 si
1627 3049 1683 3088 non

517 3119 634 3184 soluerit,
652 3121 680 3173 in
699 3121 825 3190 peccunia
843 3131 981 3174 numerata
990 3117 1057 3172 infra
1066 3119 1211 3173 terminum
1222 3119 1250 3172 in
1260 3121 1503 3190 condempnatione
1514 3123 1684 3175 statuendum

517 3221 667 3279 amputetur
684 3207 722 3261 eis
740 3225 835 3262 manus
853 3208 947 3272 desua,
965 3207 1002 3260 ita
1020 3207 1092 3278 quod
1110 3224 1127 3259 a
1144 3207 1252 3261 brachio
1270 3219 1410 3278 separetur.
1430 3208 1537 3263 Sinera
1550 3209 1630 3262 aliam
1640 3209 1683 3262 uel

517 3296 581 3349 alias
598 3295 695 3350 falsitas
713 3296 756 3365 (t)
775 3295 909 3349 comiserit
927 3307 1067 3365 postquam
1085 3293 1164 3348 luerit
1181 3295 1392 3366 condempnatus
1409 3296 1576 3352 conficiendo
1592 3297 1685 3350 lalsam

518 3383 650 3452 publicam
668 3383 824 3453 scripturam
842 3395 967 3452 utsupra
985 3394 1137 3452 amputetur
1154 3383 1204 3435 sibi
1223 3399 1318 3435 manus
1336 3384 1422 3438 destra
1442 3385 1478 3438 ita
1496 3386 1568 3456 quod
1587 3401 1644 3438 non
1657 3385 1686 3437 li-

518 3472 621 3525 beretur
639 3471 770 3525 soluendo
788 3471 905 3541 aliquam
923 3470 1035 3540 pecunie
1053 3471 1237 3540 quantitatem.
1256 3471 1297 3535 Et,
1316 3484 1443 3541 perpetuo
1455 3473 1497 3537 sit,
1510 3472 1618 3526 inlamis
1626 3473 1685 3542 ipso

517 3561 582 3612 iure.
602 3559 640 3612 lta
659 3560 732 3630 quod
751 3574 921 3630 quecumque
938 3559 1113 3610 instrumenta
1132 3574 1178 3610 seu
1194 3558 1320 3628 scripture
1339 3558 1443 3629 publice
1461 3577 1512 3630 que
1534 3561 1684 3630 peripsum

518 3659 607 3717 postea
626 3647 727 3711 fierent,
745 3647 802 3717 ipso
821 3647 878 3698 iure
896 3644 995 3698 nullius
1013 3645 1118 3716 penitus
1135 3647 1198 3710 siut,
1216 3647 1357 3710 momenti,
1376 3659 1431 3700 tam
1449 3663 1478 3700 tn
1496 3648 1587 3701 officio
1604 3665 1685 3719 quam

517 3748 589 3789 extra
608 3734 728 3788 officium
748 3745 783 3798 et,
802 3733 860 3787 eius
877 3733 1071 3786 ambreuiatute
1089 3733 1211 3804 preterite
1229 3734 1395 3803 deponentur
1404 3751 1484 3804 penes
1496 3735 1641 3788 clauarinrn
1659 3747 1686 3788 et

517 3823 640 3877 consules
658 3823 686 3876 in
705 3822 809 3876 scrineo
828 3822 959 3886 comunis,
977 3821 1019 3886 Et,
1038 3821 1242 3891 possinqredtgi
1260 3821 1288 3875 ia
1307 3821 1423 3874 [onnam
1441 3823 1575 3894 publicam
1593 3840 1639 3893 per
1656 3823 1687 3876 il

518 3911 576 3965 lum
594 3911 636 3964 cui
655 3910 753 3964 fuerint
770 3912 902 3980 deputate.
920 3910 962 3974 Et,
980 3909 1062 3963 simili
1082 3926 1148 3979 pena
1167 3927 1214 3978 per
1223 3910 1315 3962 omnia
1325 3911 1582 3982 puniaturetpuniti
1592 3902 1686 3965 debeat

518 3999 682 4071 quicumque
699 3999 812 4053 scienter
829 3997 904 4052 illam
922 3997 1077 4067 scripturam
1096 3996 1251 4051 coniecisset
1270 3998 1312 4050 uel
1332 3997 1406 4052 alteri
1424 4015 1484 4051 eam
1504 3999 1623 4052 cedendo
1642 3999 1685 4053 la-

518 4086 610 4142 bn‘oari
629 4087 672 4140 uel
690 4085 747 4140 fieri
765 4086 809 4140 nel
827 4103 858 4140 et
876 4101 951 4140 ussus
969 4084 1093 4140 fueritin
1112 4085 1208 4140 iuditio
1226 4102 1274 4156 pro
1292 4103 1320 4140 se
1338 4086 1381 4140 uel
1399 4085 1483 4140 alium
1513 4087 1632 4142 scierttm
1652 4089 1686 4144 Et

544 4297 576 4352 (ι)
589 4295 613 4338 la
627 4296 670 4339 alio
683 4297 776 4354 exemplo
785 4312 791 4340 t
800 4296 906 4355 falsitates.
