3958 5540
1391 550 1424 618 67

261 671 380 742 quolibet
398 684 424 726 et
442 670 558 744 qualibet
577 673 640 726 tice
660 673 707 727 sol.
727 673 759 728 X.
778 690 820 743 pp.
840 685 866 726 et
884 673 994 726 admitat
1012 691 1092 726 arma.
1112 691 1164 743 que
1182 691 1254 726 amaa
1285 673 1426 727 deveniant

261 761 291 814 In
310 761 419 814 comuni
439 760 552 832 bugelle.
571 773 597 814 et
615 761 726 832 quilibet
743 761 777 815 sit
794 773 949 814 accussator.
969 773 995 814 et
1012 761 1107 814 lrabeat
1125 778 1200 814 suam
1220 775 1320 833 partem
1334 762 1423 815 banni.

261 861 287 902 et
304 849 426 903 consules
445 865 500 903 non
519 850 620 920 possint
638 850 699 903 dare
718 850 855 904 licenciam
874 863 913 902 set
931 861 1069 904 teneantur
1087 851 1228 920 inquirere.

299 1007 356 1061 351.
376 990 443 1045 Item
461 1003 589 1044 statutum
607 1003 646 1044 est
664 993 735 1062 quod
755 992 828 1044 nulla
846 1009 956 1062 persona
975 993 1008 1045 de
1027 992 1132 1062 bugella
1150 993 1243 1045 debeat
1261 993 1323 1046 dare
1336 993 1424 1046 bibere

262 1081 304 1134 uel
323 1081 463 1135 comedere
480 1097 529 1134 nec
548 1081 697 1150 hospicium
716 1081 777 1133 dare
795 1081 877 1151 aliqui
895 1098 1006 1151 persone
1024 1083 1208 1150 maecumque
1226 1081 1259 1134 sit
1272 1099 1324 1152 que
1336 1095 1422 1151 portet

260 1167 387 1220 cutellum
405 1168 536 1220 maiorem
554 1167 619 1220 vltra
638 1184 802 1220 menssuram
822 1167 935 1237 positam
954 1185 1001 1238 pro
1020 1169 1128 1221 comuni
1145 1168 1249 1236 bugelle
1262 1185 1310 1220 nec
1322 1185 1422 1222 ensem.

261 1271 309 1308 nee
327 1255 378 1308 alia
396 1271 477 1308 arma
495 1272 547 1324 que
565 1255 624 1324 alijs
642 1254 816 1307 offenssioncs
834 1256 895 1308 dare
914 1267 1027 1325 possent.
1040 1256 1072 1308 Et
1085 1255 1130 1326 qui
1143 1255 1322 1308 contrafecerit
1336 1256 1424 1309 soluat

239 1343 244 1354 ’
261 1344 379 1396 bannum
397 1359 444 1412 pro
463 1342 581 1413 quolibet
600 1354 626 1395 et
644 1342 760 1412 qualibet
778 1343 835 1395 vice
854 1343 901 1396 soi.
921 1343 953 1396 X.
973 1361 1014 1413 pp.
1034 1356 1061 1395 et
1087 1343 1198 1412 quilibet
1224 1343 1257 1394 sit
1275 1355 1423 1396 accussator

259 1443 286 1484 et
304 1431 398 1484 habeat
415 1447 491 1484 suam
510 1443 611 1501 partem
630 1431 718 1484 banni.
738 1431 771 1484 Et
789 1431 911 1485 consules
929 1448 984 1484 non
1004 1431 1104 1502 possint
1122 1432 1184 1484 dare
1202 1430 1348 1484 licenciam.
1368 1432 1418 1484 nisi

259 1517 305 1572 ille
321 1519 367 1590 qui
386 1531 533 1573 accussatus
551 1517 628 1573 fuerit
646 1519 772 1590 iurauerit
790 1536 818 1573 se
836 1519 913 1573 illum
931 1520 1031 1572 nescire
1044 1520 1140 1572 habere
1152 1517 1279 1572 cutellum
1293 1519 1421 1572 maiorem

259 1623 308 1662 nec
325 1623 406 1660 arma

297 1781 354 1836 352.
374 1767 440 1821 Item
458 1779 586 1820 statutum
604 1779 643 1820 est
661 1767 733 1836 quod
751 1767 811 1838 quis
829 1765 907 1819 fuerit
924 1767 1051 1820 inuentus
1069 1768 1158 1820 eundo
1177 1782 1223 1836 per
1249 1777 1345 1820 terram
1364 1781 1422 1837 post

259 1871 339 1924 quam
357 1871 475 1926 caupona
493 1855 633 1908 custodum
652 1855 752 1926 pulsata
771 1854 848 1908 fuerit
870 1856 926 1908 siue
945 1855 1047 1908 lumine
1073 1867 1100 1908 et
1127 1871 1173 1924 per
1190 1867 1293 1907 tantum
1317 1866 1422 1924 tempus

259 1942 317 2014 plus
335 1943 408 2015 quod
427 1955 514 2014 posset
531 1943 563 1996 iri
581 1959 597 1996 a
615 1955 689 2014 porta
708 1943 806 2000 toracie
825 1944 958 2015 usquead
977 1957 1080 2014 portam
1099 1942 1207 1995 vemati.
1226 1955 1252 1996 et
1276 1943 1308 1996 ad
1328 1941 1422 1996 Ronei-

259 2030 348 2101 glasci.
368 2031 501 2102 usquead
521 2043 623 2102 portam
643 2031 705 2102 ripe.
725 2043 751 2084 et
770 2033 903 2102 usquead
923 2047 1026 2084 rouore.
1046 2029 1132 2084 soluat
1149 2031 1268 2083 bannum
1293 2046 1340 2100 pro
1359 2047 1423 2100 quo-

259 2117 322 2172 libet
340 2129 366 2172 et
384 2118 500 2190 qualibet
518 2119 576 2172 uice
595 2135 646 2190 qua
664 2119 743 2173 luerit
760 2132 914 2172 accussatus.
934 2118 982 2172 sol.
996 2119 1120 2189 quinque.
1133 2130 1161 2171 et
1178 2117 1299 2171 consules
1317 2130 1423 2172 tenean-

258 2217 300 2260 tur
317 2225 394 2278 super
412 2207 464 2261 hoc
482 2223 580 2278 ponere
599 2207 718 2278 publicos
736 2209 857 2262 custodes
875 2220 901 2260 et
920 2208 1044 2279 priuatos.

295 2363 353 2416 353.
372 2348 439 2401 Item
457 2359 585 2402 statutum
603 2349 732 2418 estquod
751 2348 838 2418 aliqua
857 2366 967 2419 persona
986 2365 1041 2402 non
1060 2350 1154 2402 debeat
1171 2365 1220 2402 nec
1239 2350 1320 2418 possit
1338 2349 1423 2402 facere

257 2436 372 2506 aliquam
391 2453 513 2490 socuram
531 2436 654 2490 latrinam
673 2453 725 2506 que
743 2449 837 2490 noceat
855 2437 944 2506 aliqui.
964 2437 997 2490 Et
1013 2437 1058 2506 qni
1072 2449 1163 2490 contra
1176 2436 1264 2490 fecerit
1276 2438 1361 2490 soluat
1374 2455 1421 2506 pro

257 2525 375 2594 quolibet
393 2537 419 2578 et
437 2525 553 2594 qualibet
580 2525 644 2577 vice.
673 2524 721 2577 sol.
740 2525 773 2576 V.
793 2538 882 2594 postea
910 2525 972 2577 altit
991 2543 1058 2578 eam.
1088 2526 1120 2577 Et
1138 2525 1259 2578 consules
1283 2537 1422 2602 tencantur

257 2613 390 2682 inquirere
407 2613 427 2664 si
447 2613 486 2665 eis
503 2612 694 2665 denunciatum
713 2611 799 2664 fuerit.

295 2785 352 2840 354.
371 2769 438 2824 item
456 2783 583 2824 statutum
603 2783 641 2824 est
659 2771 730 2842 quod
750 2787 844 2823 omnes
862 2771 986 2824 homines
1005 2773 1038 2824 de
1056 2771 1169 2840 bugella.
1189 2784 1215 2824 et
1233 2771 1381 2826 tristantes.
1394 2785 1420 2826 et

257 2859 404 2912 habitantes
421 2860 450 2912 in
470 2858 574 2928 bugella
593 2859 706 2912 habeant
725 2871 832 2912 teneant
850 2871 877 2912 et
895 2871 1056 2928 pressentent
1075 2860 1306 2929 quocienscunque
1325 2859 1422 2914 fuerint

257 2947 382 3018 requisiti.
400 2963 481 3000 amaa.
501 2959 527 3000 et
555 2947 747 3000 Guamimenta
778 2947 885 3000 cuilibet
913 2947 1030 3016 ipsorum
1058 2948 1171 3016 inposita
1199 2965 1245 3017 per
1262 2965 1377 3001 comune
1395 2961 1421 3002 et

257 3035 380 3089 homines
399 3035 511 3104 bugelle.
530 3035 563 3086 Et
581 3035 627 3104 qui
646 3035 827 3088 contrafecerit
845 3035 930 3086 soluat
950 3037 1067 3086 bannum
1096 3053 1144 3104 pro
1171 3037 1289 3105 quolibet
1307 3049 1333 3089 et
1352 3053 1420 3106 qua·

257 3123 320 3176 libet
337 3123 394 3175 vice
413 3139 460 3192 pro
479 3122 596 3192 diploide
614 3135 640 3174 et
668 3122 788 3192 panceria
816 3121 864 3174 sol.
883 3120 941 3175 XX.
961 3139 1002 3190 pp.
1021 3134 1048 3175 et
1066 3139 1114 3190 pro
1132 3123 1191 3190 aliis
1218 3125 1419 3190 guamimentis.

256 3210 303 3264 sol.
323 3211 448 3281 quinque.
468 3227 510 3280 pp.
529 3223 556 3263 et
573 3211 645 3280 quod
665 3208 753 3264 nullus
772 3211 853 3280 possit
871 3227 919 3262 nec
939 3209 1031 3262 debeat
1050 3211 1119 3262 dicta
1137 3211 1323 3276 guamimenta
1342 3211 1417 3278 inpi-

256 3316 369 3368 gnorare
388 3297 429 3352 uel
450 3311 562 3370 prestare
580 3297 658 3351 alicui
678 3314 788 3368 persone
808 3309 879 3350 extra
899 3297 987 3350 locum
1008 3297 1121 3366 bugelle.
1135 3297 1167 3350 Et
1179 3299 1225 3367 qui
1238 3297 1420 3350 contrafecerit

256 3387 342 3440 soluat
360 3404 407 3458 pro
426 3386 544 3458 quolibet
562 3397 589 3440 et
606 3386 721 3457 qualibet
739 3386 796 3438 vice
814 3385 901 3438 simile
920 3387 1038 3438 bannum
1058 3397 1086 3438 ut
1104 3401 1189 3454 supra.

293 3559 350 3615 355.
370 3545 437 3600 item
456 3558 583 3600 statutum
602 3545 723 3615 estquod
736 3545 808 3598 nulla
828 3561 938 3614 persona
951 3546 1125 3614 tndecunque
1143 3545 1176 3597 sit
1189 3557 1259 3598 emat
1272 3561 1320 3597 nec
1332 3561 1420 3598 emere

256 3632 334 3687 faciat
349 3634 461 3704 gallinas
479 3633 617 3704 pollastros
635 3649 695 3686 oua.
715 3645 832 3702 capretos
851 3649 899 3686 nee
918 3633 1018 3704 aliquas
1036 3633 1184 3685 saluaxinas
1202 3633 1234 3684 ad
1260 3633 1418 3700 portantium

255 3739 303 3776 nec
322 3721 355 3776 ad
374 3721 545 3776 uendendum
564 3733 635 3774 extra
655 3721 796 3790 bugellam.
817 3721 849 3774 Et
867 3721 912 3791 qui
932 3720 1111 3774 contrafecerit
1131 3720 1216 3772 soluat
1231 3721 1348 3774 bannum
1368 3721 1416 3774 sol.

256 3809 287 3862 X.
307 3827 349 3880 pp.
368 3821 394 3864 et
412 3809 504 3862 amitat
523 3809 710 3862 mercandiam.
729 3820 755 3862 et
774 3809 883 3878 quilibet
903 3809 983 3878 possit
1002 3823 1134 3861 accussare
1153 3820 1179 3860 et
1206 3809 1372 3862 denunciare.
1392 3820 1418 3862 et

255 3897 376 3951 consules
394 3909 532 3950 teneantur
550 3897 683 3968 inquirere
701 3896 722 3950 si
741 3898 778 3950 eis
798 3896 874 3950 fuerit
893 3897 1089 3950 denunciatum.

293 4037 350 4106 356·
370 4035 437 4092 item
455 4047 583 4091 statutum
602 4039 730 4108 estquod
749 4037 794 4108 qui
814 4037 952 4092 intrant-rit
971 4035 1013 4089 uel
1033 4037 1158 4105 runrperit
1177 4039 1292 4090 alienam
1312 4055 1415 4108 pissas·

255 4126 359 4180 sionem
376 4125 463 4178 soluat
481 4126 600 4178 bannum
620 4142 666 4195 pro
685 4126 803 4196 quolibet
821 4138 846 4178 et
865 4125 980 4194 qualibet
1000 4127 1056 4177 tice
1074 4125 1122 4176 sol.
1141 4125 1198 4178 t'x.
1219 4144 1259 4196 pp.

294 4279 351 4334 357.
371 4265 438 4320 item
458 4277 586 4320 statutum
606 4279 645 4318 est
663 4266 735 4337 quod
754 4267 848 4336 aliquis
867 4283 921 4318 non
942 4267 1022 4335 possit
1042 4283 1089 4320 nec
1102 4267 1194 4319 debeat
1207 4285 1295 4320 emere
1308 4285 1356 4320 nec
1374 4271 1420 4322 du·

255 4369 315 4406 cere
334 4353 376 4406 uel
398 4354 458 4408 duci
478 4353 563 4407 facere
581 4354 683 4424 aliquas
702 4355 796 4407 bestias
815 4355 842 4408 in
863 4355 967 4424 bugella
985 4356 1018 4408 de
1036 4356 1124 4426 aliqua
1143 4368 1214 4426 parte
1232 4372 1277 4409 seu
1297 4357 1357 4410 loco
1376 4359 1417 4406 vbi
