3958 5540
514 527 566 568 120

547 637 671 691 Honores
688 647 715 690 et
732 635 790 690 iura
807 636 930 690 comunis
948 636 981 688 ad
999 636 1229 689 manutenendum
1247 635 1384 690 iuuabunt

545 723 574 778 Si
592 723 688 778 scirent
704 723 793 794 eliqua
810 725 913 778 tractari
931 735 1023 778 contro
1040 724 1174 778 honorem
1191 723 1295 778 domiui
1313 761 1429 776 .....
1448 723 1491 793 (1)
1515 723 1559 777 uel
1576 735 1674 778 statum

510 811 649 881 pacificum
668 813 737 866 dicte
756 825 824 866 terre
841 811 994 866 consulibus
1012 811 1226 865 manifestabunt

545 900 674 954 bannitus
691 901 815 955 comunis
834 901 942 971 predam
960 899 1004 953 uel
1022 899 1154 954 roboriam
1172 915 1228 953 non
1248 900 1426 969 receptnbunt

544 987 621 1041 Ludo
639 989 725 1042 acardi
744 987 788 1041 uel
805 987 859 1041 nlio
877 987 1012 1058 prohibito
1030 1003 1086 1041 non
1106 986 1198 1040 ludent
1216 1003 1265 1040 nec
1284 986 1311 1039 in
1324 986 1379 1038 suis
1391 985 1601 1040 habitationibus
1619 985 1675 1040 ludi

509 1075 670 1144 permittent
689 1076 734 1129 sed
753 1075 806 1130 hoc
825 1075 1003 1146 prohibebunt
1021 1074 1133 1127 fideliter
1150 1075 1219 1128 iusto
1237 1091 1323 1144 posse,

543 1162 586 1215 Ad
605 1163 706 1233 iguem,
723 1163 880 1228 stremitnnu
898 1175 925 1216 et
943 1161 1103 1216 concionem
1121 1162 1244 1216 comunis
1263 1161 1347 1215 ibunt

542 1250 686 1322 Comparij.

541 1338 689 1409 Foresmrij.

540 1426 694 1480 Sentitores.
785 1425 968 1492 Offendentes,
986 1427 1102 1497 dampno
1120 1427 1221 1490 dantes,
1239 1426 1267 1479 iu
1286 1441 1447 1497 quocunque
1464 1425 1525 1480 loco
1543 1424 1674 1495 territorii

505 1514 611 1584 bugelIe
629 1531 659 1566 ac
677 1514 802 1568 facientes
820 1527 911 1568 contro
929 1527 1034 1579 statum,
1053 1513 1121 1568 inim
1138 1531 1185 1567 ser
1203 1515 1259 1568 dies
1278 1526 1337 1583 post
1363 1513 1510 1568 comissum
1538 1513 1675 1578 delientm,

503 1601 657 1654 consulibus
675 1602 822 1655 secundum
841 1603 913 1673 quod
931 1602 1092 1668 inuenerint,
1111 1601 1223 1655 fideliter
1241 1602 1421 1656 accumbunt
1441 1601 1480 1656 lto
1498 1602 1570 1672 quod
1588 1617 1675 1654 occus-

504 1688 620 1742 sotiones
637 1701 771 1759 ponentur
788 1689 817 1742 in
835 1689 905 1744 libro
924 1691 1075 1744 bannorum
1093 1689 1225 1742 comunis

541 1777 585 1830 Ad
604 1777 690 1830 benun
708 1776 839 1847 exigendo
857 1777 1022 1831 adiuuabunt
1039 1789 1066 1830 et
1084 1776 1136 1829 ulie
1153 1775 1266 1847 negocia
1284 1776 1407 1828 comunis
1425 1776 1597 1845 expedienda,
1609 1792 1674 1847 quo·

505 1865 578 1917 ciens
596 1865 630 1918 ab
647 1863 710 1934 ipsis
728 1864 882 1919 consulibus
900 1865 943 1918 uel
961 1863 1045 1918 altero
1062 1865 1182 1934 ipsonun
1200 1864 1345 1934 reciperent
1362 1863 1391 1916 in
1409 1863 1549 1917 mundatis

539 1952 618 2005 Extra
636 1965 733 2006 terrnm
752 1952 857 2023 bugelle
875 1953 933 2006 sine
952 1953 1057 2006 licentia
1069 1950 1212 2006 consulum
1229 1967 1286 2006 non
1304 1952 1388 2005 ibunt

538 2040 650 2093 Nullum
670 2053 775 2110 propter
793 2041 887 2094 odium
905 2057 951 2094 seu
970 2041 1003 2093 nd
1022 2041 1124 2094 dicrum
1142 2040 1250 2094 alterius
1269 2053 1361 2094 contra
1379 2041 1518 2094 ueritatem
1547 2053 1573 2093 et
1591 2040 1670 2094 iusti-

504 2129 573 2181 ciam
592 2129 764 2182 accussnbunt
781 2130 827 2181 sed
846 2141 950 2181 tuntum
969 2129 1036 2181 sicut
1054 2129 1206 2182 inuenerint
1227 2128 1419 2198 delinquentes

538 2216 665 2286 Aliquem
683 2213 866 2269 offendentem
886 2216 928 2268 uel
949 2227 1040 2268 contra
1054 2227 1149 2269 statuta
1162 2215 1302 2270 facientem
1315 2232 1448 2270 accussare
1461 2233 1516 2270 non
1530 2217 1673 2270 obmittent

504 2320 551 2374 pro
570 2303 705 2373 peccunia,
722 2304 810 2374 gracia
836 2303 879 2356 uel
897 2319 997 2357 amore.

537 2391 566 2443 Si
585 2391 681 2444 scirent
698 2390 787 2461 aliquo
805 2391 889 2445 teneri
907 2391 941 2444 de
963 2391 1041 2445 bonis
1058 2392 1218 2446 comunibus
1236 2391 1439 2464 occupaminlm
1457 2405 1519 2448 octo
1537 2393 1593 2446 dies
1611 2409 1673 2448 oon·

502 2478 603 2533 sulibus
622 2479 793 2533 intimabunt
846 2527 849 2532 .

506 2639 556 2688 10.
580 2619 814 2688 sacramentale
837 2619 1132 2689 determinatorum.

538 2726 666 2779 lumbum
683 2727 756 2797 quod
774 2737 854 2780 terras
872 2738 899 2780 et
917 2726 1095 2798 possessiones
1114 2726 1290 2800 singularium
1309 2744 1480 2798 personarum
1512 2740 1539 2782 et
1555 2727 1670 2782 aliorum

501 2829 722 2885 quoruncunque,
740 2831 755 2867 a
773 2813 895 2885 platheis,
914 2816 964 2886 vijs
982 2815 1101 2886 publicis,
1120 2829 1146 2869 et
1165 2816 1367 2887 quibuscunque
1385 2817 1601 2887 possessionibus,
1620 2833 1669 2870 co·

502 2901 641 2954 munitatis
659 2901 765 2973 bugelle
784 2900 897 2956 fideliter
907 2903 1097 2969 terminabunt,
1116 2903 1173 2958 ium
1185 2921 1232 2958 sun
1245 2904 1353 2958 cuilibet
1364 2905 1555 2970 conseruando,
1565 2917 1670 2958 remoto

501 3005 603 3054 amore,
621 2990 714 3055 hodio,
732 2991 820 3061 precio
837 3003 864 3044 et
882 2991 986 3045 timore.

543 3112 594 3180 De
617 3115 814 3201 soropresijs.

535 3219 680 3273 Neminem
699 3220 897 3274 denunciobunt
914 3220 966 3274 nisi
989 3221 1023 3274 sit
1040 3220 1109 3275 clm
1128 3234 1154 3275 et
1172 3221 1311 3276 manifesta
1329 3234 1356 3276 et
1373 3238 1468 3276 omnes
1480 3222 1508 3276 in
1527 3222 1669 3276 concordia

502 3306 545 3360 uel
563 3307 650 3361 maior
662 3306 849 3378 parsipsorum
868 3307 984 3362 uiderint
1002 3320 1029 3362 et
1045 3310 1265 3375 examinsuerint,
1278 3328 1341 3363 curn
1353 3309 1485 3381 aliquibus
1503 3311 1669 3364 consortibus

500 3407 527 3448 et
544 3395 638 3448 vicinis
656 3396 702 3466 qui
721 3395 820 3449 melius
838 3396 1005 3450 crederentur
1022 3397 1089 3450 scire
1109 3398 1248 3452 ueritatem
1266 3397 1300 3451 de
1311 3398 1433 3468 predictis
1451 3409 1478 3451 et
1496 3409 1592 3452 terram
1610 3413 1669 3468 pos·

500 3499 598 3536 sessum
616 3500 664 3552 per
680 3499 725 3536 sex
744 3499 829 3536 annos
847 3484 948 3536 dabunt
967 3501 1013 3554 per
1031 3483 1235 3555 lnrgnmentum.

534 3573 577 3626 Ad
595 3573 696 3625 dictum
715 3571 835 3626 officium
854 3573 1049 3626 continuabunt
1078 3574 1154 3627 omni
1182 3574 1233 3640 die,
1264 3573 1356 3628 diebus
1384 3573 1485 3628 lestinis
1513 3574 1579 3627 dum
1597 3583 1668 3627 taxat

499 3661 614 3731 exceptis
631 3673 658 3714 et
675 3660 746 3713 iusto
763 3660 957 3730 impedimento
975 3673 1100 3714 cessante

534 3747 568 3801 Et
585 3748 677 3801 omnia
695 3745 747 3800 olio
764 3747 797 3800 ad
816 3764 910 3801 eorum
928 3747 1047 3802 officium
1065 3749 1226 3819 pertinencia
1244 3750 1312 3804 iusto
1340 3751 1496 3804 mundatum
1526 3749 1666 3803 consulum

499 3835 636 3889 attendent
653 3847 680 3888 et
697 3833 810 3889 fideliter
828 3835 1014 3890 obseruabunt

524 4342 558 4400 (r)
570 4343 671 4387 Verbumr
686 4343 784 4400 Episcopi:
798 4351 891 4392 abrasum
907 4347 954 4388 luit.
