3958 5540
1409 553 1454 596 101

293 671 397 726 soluere
414 681 535 725 teneatur
552 669 661 724 comuni
680 669 779 724 solidos
797 669 854 724 XX.
874 668 1017 739 papienses.
1037 681 1085 737 pro
1097 664 1215 738 quolibet
1227 677 1253 719 et
1266 663 1382 735 quelibet
1393 665 1459 718 eice.

293 762 328 814 Et
345 761 460 831 predicta
479 758 590 812 aufferre
608 771 734 813 teneatur.
754 759 787 812 Et
805 757 915 830 quilibet
933 757 1014 826 possit
1032 771 1160 809 accusare.
1180 749 1332 808 Et'domini
1346 765 1460 824 potestus

294 862 320 902 et
338 849 460 904 consules
478 859 618 904 teneantur
636 859 768 918 utsupra

503 1057 540 1096 12.
561 1042 608 1095 DE
628 1040 788 1095 ALPlBUS.
809 1073 839 1080 -
861 1039 914 1094 Fnl.
933 1055 1009 1092 cxnr.
1029 1039 1140 1108 (Sintula
1159 1037 1265 1106 desinit).

524 1269 562 1322 13.
583 1253 630 1307 DE
649 1251 1012 1307 DISBENDATIONIBUS.
1035 1281 1066 1290 -
1087 1249 1140 1304 Fol.
1159 1263 1235 1302 cxiv.

332 1431 374 1498 87.
394 1430 423 1483 ln
443 1429 534 1500 primis
552 1441 679 1484 statutum
698 1429 826 1500 estquod
845 1428 920 1482 omni
948 1443 1020 1480 anno
1039 1427 1072 1480 de
1099 1443 1203 1480 ntensse
1228 1423 1348 1496 februarij
1369 1425 1462 1478 debeat

296 1519 445 1571 disbandari
464 1518 529 1572 illud
548 1535 664 1572 comune
682 1517 799 1571 nemoris
817 1517 889 1589 quod
908 1515 1033 1587 placuerit
1051 1514 1194 1568 credencie.

333 1661 375 1714 88.
397 1661 461 1713 Item
480 1661 552 1731 quod
571 1660 659 1714 nullus
677 1675 738 1714 ante
756 1661 989 1713 disberidacionem
1008 1658 1102 1713 lactant
1117 1677 1162 1730 per
1174 1658 1296 1712 consules
1308 1657 1341 1711 de
1353 1673 1459 1711 assensu

297 1749 414 1818 conscilij
435 1749 598 1802 sindemiare
616 1761 748 1819 presumat
767 1749 794 1802 in
822 1750 906 1802 tineis
933 1748 975 1801 uel
1005 1749 1127 1818 plantatis
1151 1747 1321 1802 existentibus
1340 1747 1367 1800 in
1386 1763 1461 1801 cam·

298 1838 377 1908 parijs
395 1839 443 1890 sub
463 1839 551 1890 banno
570 1837 716 1890 solidorum
735 1835 794 1891 XL.
814 1837 986 1907 papiensium.

334 1999 376 2066 89.
396 1997 462 2049 Item
482 1997 553 2066 quod
573 1997 648 2050 onmi
667 2013 739 2049 anno
758 2010 818 2049 ante
837 1995 1002 2049 natiuitatenr
1022 1995 1124 2048 domini
1146 2013 1190 2066 per
1207 1993 1269 2050 XV.
1288 1993 1344 2047 dies
1362 1993 1464 2046 disben·

298 2087 375 2138 detur
394 2102 488 2138 nemus
507 2085 590 2138 sicum
610 2103 655 2156 per
674 2085 743 2138 t'ltl.
763 2086 826 2139 dies.

334 2259 376 2314 90.
396 2245 462 2298 Item
482 2245 553 2315 quod
572 2247 605 2298 de
624 2263 715 2298 mense
734 2245 853 2316 lebruarij
866 2245 1035 2298 tlisbenaletur
1053 2247 1135 2298 snum
1155 2259 1270 2298 comune
1288 2243 1321 2298 ad
1334 2241 1465 2297 faciendas

300 2333 389 2386 vineas
407 2333 518 2404 singulis
537 2335 622 2388 annis.

336 2509 378 2560 91.
398 2493 464 2546 ltem
483 2495 555 2564 quod
574 2506 695 2564 tempore
713 2496 926 2548 disbentlneionis
945 2495 1062 2548 nemoris
1080 2495 1203 2548 comunis
1221 2495 1310 2549 nullus
1322 2496 1415 2548 debeat
1428 2495 1465 2546 ire

301 2597 315 2632 a
335 2580 437 2633 fossatis
455 2599 501 2634 seu
522 2582 649 2652 lortilicijs
668 2585 785 2652 superius
804 2601 894 2636 uersus
913 2601 1022 2636 nemora
1035 2581 1134 2636 ‘donec
1162 2601 1289 2653 campana
1308 2583 1385 2636 fuerit
1404 2583 1464 2651 pul-

300 2681 354 2722 satu
373 2687 425 2740 que
443 2671 518 2723 omni
538 2671 582 2723 die
601 2671 717 2739 pulsatur
736 2671 762 2724 in
782 2689 861 2726 mnne
880 2673 947 2725 dictu
966 2674 1000 2726 ale
1028 2689 1112 2724 causa.
1141 2672 1339 2726 Contralaciens
1367 2671 1466 2724 solidos

302 2755 359 2810 XX.
379 2775 427 2828 pro
446 2760 535 2812 banno
552 2759 656 2813 soluere
674 2771 800 2814 teneatur.

421 2985 459 3036 tq.
480 2971 527 3024 DE
546 2971 709 3025 lUSTlTlrl
729 2971 776 3024 nt*
795 2971 880 3040 lunt:
900 2971 948 3025 AC
968 2971 1106 3025 ORDINE
1125 2971 1349 3026 lUDlClORUbl

566 3060 613 3114 ET
633 3060 742 3113 MODO
762 3061 1006 3115 PROClilMiNDl.
1027 3091 1057 3100 --
1079 3061 1132 3114 liti.
1151 3075 1216 3113 cxv,

339 3251 381 3306 92.
400 3235 440 3306 (ι)
460 3237 592 3306 imprimis
609 3237 681 3308 quod
700 3237 821 3291 consuloe
840 3251 865 3291 et
884 3237 993 3308 quilibet
1012 3253 1105 3290 eontm
1117 3235 1262 3290 insolidum
1276 3237 1376 3307 possint
1388 3248 1413 3288 et
1426 3237 1468 3288 de·

304 3324 383 3378 beant
401 3325 434 3378 de
453 3326 568 3396 qualibet
587 3343 698 3397 persona
718 3327 852 3380 habitante
870 3327 899 3379 in
918 3326 1023 3394 bugella
1042 3343 1071 3379 ac
1090 3325 1125 3378 ibi
1153 3326 1326 3378 contrahente
1353 3341 1398 3377 seu
1417 3325 1466 3376 de-

305 3409 441 3482 linquente
459 3427 485 3466 et
504 3415 580 3466 rebus
598 3415 626 3468 in
639 3414 771 3467 territorio
784 3415 865 3483 ipsius
877 3414 1048 3467 existentibus
1061 3413 1256 3467 iuridictionem
1270 3413 1333 3468 dicti
1346 3412 1468 3466 comunis

304 3517 423 3554 exercere
441 3513 468 3554 et
486 3501 592 3556 cuilibet
610 3501 783 3574 conquerenti
802 3501 886 3556 lacere
904 3502 1006 3556 iusticie
1024 3501 1260 3572 complementum.

340 3675 382 3728 93.
402 3661 468 3715 ltenr
488 3663 559 3732 quod
578 3661 707 3716 iudicium
727 3675 832 3733 ceptum
861 3679 950 3716 coram
978 3680 1031 3715 eno
1060 3662 1169 3715 consule
1199 3663 1279 3732 possit
1307 3677 1396 3713 coram
1416 3658 1468 3712 alio

305 3750 430 3818 expediri.

340 3923 382 3978 94.
401 3907 467 3960 ltern
487 3909 559 3978 quod
578 3924 672 3962 omnes
691 3925 825 3978 processus
843 3908 976 3962 sentencie
995 3921 1021 3960 et
1040 3921 1158 3976 precepta
1178 3924 1223 3976 per
1237 3923 1283 3960 eos
1302 3905 1343 3958 uel
1358 3905 1468 3958 alterum

306 3995 423 4064 ipsorum
444 3997 511 4049 iuste
531 3995 596 4049 lacta
615 3998 726 4050 debeant
745 3997 933 4050 inuiolabiliter
952 3996 1083 4048 obseruari
1104 3997 1152 4048 sub
1172 3997 1245 4064 penis
1263 4007 1289 4048 et
1309 3997 1396 4048 banno
1409 4010 1470 4046 con·

306 4086 384 4136 tentis
403 4085 429 4136 in
449 4085 550 4137 statutis
570 4084 642 4138 lactis
661 4099 687 4138 et
706 4085 829 4138 iaciendis
848 4103 893 4138 seu
912 4087 944 4138 ab
964 4085 1025 4154 ipsis
1044 4084 1195 4138 consulibus
1215 4083 1363 4137 inserendis.

335 4365 365 4416 (ι)
379 4364 456 4406 Sutura
471 4381 481 4406 a
497 4365 521 4408 N.
538 4379 562 4416 9²
578 4367 602 4406 ad
617 4365 641 4406 N.
658 4377 683 4418 97
699 4367 718 4406 in
734 4379 823 4415 margine
838 4365 882 4405 libri
898 4367 971 4419 scripti
986 4375 1041 4413 sunt,
1057 4365 1091 4405 sed
1107 4377 1181 4405 coaeva
1196 4363 1296 4404 sidentur.
