3978 5546
523 525 558 578 42

522 650 683 706 masnengos
701 637 776 692 infra
789 649 851 692 octo
869 637 925 691 dies
942 649 1001 707 post
1019 645 1100 707 qtaana
1118 637 1189 707 ipsos
1206 637 1408 691 couentauerint
1419 649 1582 707 preasentare
1593 655 1687 694 oonsu-

521 721 642 776 libnaad
660 723 811 780 faciendum
829 725 979 780 saluitatenr
997 737 1023 780 et
1041 725 1086 794 qui
1105 723 1286 778 contrafecerit
1303 725 1390 779 soluat
1408 726 1527 780 bannum
1539 727 1686 797 predictum

522 825 569 878 pro
587 811 707 880 quolibet
725 813 747 866 si
765 830 821 867 non
840 813 951 866 iurasset
968 812 1117 866 saluitatem
1136 810 1296 866 consulibus.

556 949 615 1003 226.
635 951 701 1004 ltem
720 965 847 1006 statutum
866 955 988 1023 estquod
1001 953 1046 1023 qui
1059 949 1173 1006 tenuerit
1185 952 1301 1023 aliquam
1313 951 1418 1006 falssam
1431 969 1598 1008 menssuram
1609 969 1686 1008 causa

519 1039 625 1090 emendi
644 1039 687 1092 uel
705 1041 839 1094 uendendi
857 1041 943 1094 soluat
961 1041 1079 1094 bannum
1097 1039 1146 1094 sol.
1165 1039 1220 1094 Lx
1231 1039 1273 1110 (1)
1286 1053 1312 1094 et
1330 1042 1421 1111 perdat
1432 1040 1508 1094 illam
1520 1059 1685 1096 menssuram

518 1137 545 1177 et
563 1127 684 1181 consttles
702 1140 841 1182 teneantur
858 1127 942 1183 facere
960 1129 1044 1199 ipsam
1062 1127 1183 1182 comburi
1201 1127 1229 1181 in
1248 1127 1353 1198 platbea
1371 1127 1456 1200 placij.

553 1298 612 1353 227.
622 1283 690 1338 Item
699 1297 826 1340 statutum
839 1297 878 1340 est
890 1273 962 1358 quod
974 1286 1020 1358 qui
1033 1285 1238 1340 menssurauerit
1251 1286 1284 1339 ad
1298 1285 1415 1357 aliquam
1428 1303 1594 1342 menssuram
1608 1303 1685 1342 causa

516 1371 623 1426 emendi
642 1372 684 1426 uel
703 1374 837 1428 uendendi
855 1391 908 1445 que
925 1391 980 1428 non
999 1373 1034 1428 sit
1051 1371 1154 1444 signata
1172 1373 1250 1444 signo
1269 1374 1392 1428 comunis
1404 1373 1491 1430 soluat
1503 1376 1623 1430 bannum
1635 1375 1684 1430 sol.

516 1459 635 1531 quinque
652 1477 700 1530 pro
718 1461 835 1532 qualibet
852 1461 909 1514 vice
927 1462 970 1531 (2)
988 1462 1069 1515 etiam
1087 1461 1109 1515 si
1127 1460 1206 1515 fuerit
1232 1461 1402 1517 rationabilis.
1431 1476 1458 1517 et
1484 1463 1507 1517 si
1525 1461 1604 1518 fuerit
1621 1463 1684 1518 falsa

515 1545 603 1601 soluat
620 1548 740 1602 bannum
757 1547 806 1602 sol.
825 1548 883 1602 xit
903 1548 953 1620 (2).

551 1687 611 1742 228.
629 1688 697 1744 Item
715 1701 843 1743 statutum
862 1691 991 1761 estquod
1008 1689 1082 1744 nulla
1100 1707 1212 1760 persona
1230 1692 1263 1745 de
1281 1690 1387 1762 bugella
1414 1693 1508 1746 debeat
1537 1710 1685 1748 messurare

515 1773 558 1828 uel
577 1777 736 1830 rnenmmri
755 1775 839 1830 facere
851 1776 958 1848 aliquod
970 1777 1079 1832 bladum
1091 1778 1134 1832 uel
1149 1779 1244 1834 uinum
1256 1777 1299 1832 uel
1312 1779 1413 1850 aliquid
1424 1779 1507 1834 alium
1519 1782 1552 1835 ad
1565 1781 1683 1853 aliquam

515 1879 680 1918 menssurcrn
698 1863 751 1918 nisi
769 1865 802 1918 ad
820 1881 986 1919 menssuram
1004 1865 1118 1936 bugelle
1137 1867 1171 1920 Et
1188 1867 1234 1937 qui
1258 1866 1440 1921 contrafecerit
1457 1868 1544 1923 soluat
1564 1870 1683 1923 bannum

513 1966 562 2022 pro
579 1951 696 2024 qualibet
714 1953 773 2006 uice
790 1953 838 2006 sol
857 1953 890 2006 lt
910 1953 952 2022 (3)
971 1970 1013 2024 pp.
1033 1955 1066 2008 Et
1085 1953 1207 2009 consules
1234 1971 1290 2009 non
1318 1955 1419 2026 possint
1446 1957 1508 2011 dare
1539 1956 1683 2011 licentiam.

512 2045 569 2094 tant
587 2051 692 2109 emptor
709 2056 790 2110 quam
808 2040 939 2095 uenditor.

554 2212 614 2270 2²9·
633 2199 701 2254 Item
719 2210 846 2253 statutum
865 2213 904 2254 ert
922 2200 994 2272 quod
1007 2200 1120 2272 quisque
1132 2200 1295 2256 fomaxarius
1306 2201 1351 2273 qui
1364 2199 1453 2257 fecerit
1465 2202 1509 2258 uel
1524 2201 1580 2256 fieri
1593 2202 1683 2258 facerit

512 2290 612 2361 lapides
630 2289 673 2342 uel
692 2304 773 2358 cupos
786 2287 813 2340 in
826 2287 931 2358 bugella
943 2288 986 2341 uel
999 2287 1027 2340 in
1039 2301 1150 2342 uemato
1162 2289 1206 2344 uel
1220 2289 1248 2343 in
1260 2307 1355 2344 eorum
1367 2290 1498 2345 territorio
1511 2291 1582 2362 ipsos
1594 2290 1678 2346 facere

514 2377 571 2432 fieri
588 2376 674 2430 facere
692 2376 786 2429 debeat
807 2375 840 2429 ad
852 2377 965 2428 modum
976 2375 1111 2446 signatum
1123 2376 1201 2448 signo
1215 2379 1338 2432 comunis
1352 2379 1463 2449 bugelle
1475 2379 1508 2433 Et
1520 2379 1566 2450 qui
1579 2391 1681 2433 contra·

512 2464 610 2520 fecerit.
629 2463 717 2518 soluat
734 2465 860 2542 bannum.
880 2463 927 2517 sul.
947 2462 1005 2517 XX.
1018 2480 1061 2534 pp.
1074 2481 1122 2535 pro
1140 2465 1257 2536 qualibet
1275 2465 1341 2520 uice.
1360 2478 1387 2519 et
1404 2465 1516 2537 quilibet
1529 2466 1611 2537 possit
1623 2483 1680 2520 esse

510 2565 659 2610 accussator
676 2565 703 2606 et
721 2553 815 2606 habeat
834 2568 909 2606 suam
927 2563 1029 2622 partem
1048 2551 1136 2606 banni.
1155 2553 1189 2607 Et
1207 2554 1329 2608 consules
1347 2565 1487 2608 teneantur
1505 2567 1545 2608 ter
1556 2555 1585 2608 in
1598 2566 1679 2608 estate

510 2641 630 2696 fornaces
649 2642 716 2712 ipsas
744 2641 875 2711 requirere
901 2653 927 2694 et
954 2657 1036 2711 cupos
1064 2653 1090 2694 et
1117 2641 1216 2712 lapides
1234 2643 1280 2712 qui
1308 2641 1406 2696 fuerint
1423 2641 1457 2695 ad
1476 2641 1544 2713 ipsas
1562 2641 1681 2696 fornaces

510 2746 676 2784 menssurare
694 2745 756 2782 cum
774 2728 857 2782 modo
875 2728 998 2782 comunis
1024 2745 1106 2798 quem
1124 2729 1236 2783 modum
1255 2746 1347 2783 secum
1375 2741 1479 2800 portare
1497 2741 1637 2784 teneantur
1654 2741 1681 2782 et

509 2817 597 2888 ipsum
616 2829 706 2887 postea
725 2829 813 2870 tenere
831 2833 911 2888 penes
929 2833 957 2870 se
975 2828 1001 2869 et
1019 2816 1108 2870 nullus
1126 2816 1289 2871 fomnxarius
1307 2817 1433 2887 permitat
1451 2817 1569 2872 laborare
1599 2817 1677 2871 alicui

509 2921 622 2976 persone
639 2906 672 2958 ad
690 2905 807 2976 aliquem
826 2905 938 2958 modum
957 2903 1075 2974 lapidum
1093 2903 1144 2957 nisi
1163 2904 1260 2958 modus
1278 2904 1355 2958 fuerit
1374 2904 1483 2958 ferratus
1500 2921 1546 2975 per
1563 2904 1678 2975 longum

509 3005 536 3046 et
553 2993 673 3063 signatus
691 3006 720 3046 ut
739 3010 816 3064 supra
834 3005 861 3046 et
878 2991 950 3062 quod
969 2991 1079 3062 quilibet
1098 2991 1230 3046 laborator
1247 2993 1293 3064 qui
1312 2992 1470 3046 laborauerit
1488 2994 1521 3046 ad
1539 2991 1675 3046 fornacem

509 3081 603 3135 debeat
621 3082 706 3135 iurare
733 3080 817 3134 facere
843 3079 962 3133 officinm
991 3095 1070 3133 suum
1097 3079 1216 3149 legaliter
1242 3080 1365 3134 uidelicet
1383 3080 1482 3150 lapides
1500 3093 1527 3133 et
1544 3097 1626 3151 cupos
1645 3081 1677 3134 ad

509 3170 622 3226 modum
641 3169 724 3222 modi.
743 3169 778 3222 Et
795 3169 841 3238 qui
860 3166 1041 3222 contrafecerit
1059 3166 1145 3220 soluat
1167 3169 1285 3222 bannum
1304 3185 1352 3238 pro
1379 3167 1498 3239 quolibet
1516 3181 1542 3222 et
1560 3168 1678 3240 qnalibet

509 3257 569 3314 uice
586 3258 641 3314 sol·
653 3256 779 3329 quinque.
799 3274 841 3328 pp.
860 3257 893 3310 Et
911 3256 983 3328 quod
1002 3255 1128 3309 dominus
1146 3254 1259 3309 fornacis
1277 3267 1416 3310 teneantur
1434 3257 1505 3326 ipsos
1516 3269 1678 3326 pressentare

508 3346 661 3402 consulibus
679 3344 753 3399 infra
772 3357 843 3398 octo.
873 3346 930 3399 dies
957 3357 1016 3415 post
1043 3361 1124 3416 quam
1142 3360 1188 3398 eos
1215 3344 1396 3398 couentauerit
1414 3345 1463 3398 sub
1482 3361 1549 3414 pena
1568 3344 1677 3415 predicti

508 3435 598 3490 banni.
618 3435 660 3506 (2)
678 3434 713 3487 Et
730 3433 803 3504 quod
821 3431 911 3487 nullus
928 3433 1011 3503 possit
1029 3431 1113 3486 facere
1131 3448 1180 3485 nec
1198 3445 1288 3486 tenere
1305 3431 1423 3503 aliquam
1446 3430 1581 3488 fornacem
1608 3431 1676 3486 intra

507 3521 640 3576 chusuras
658 3521 734 3592 placij
755 3534 781 3575 et
799 3520 871 3592 plani
889 3533 915 3574 et
933 3521 979 3590 qui
998 3532 1089 3574 contra
1107 3519 1196 3572 fecerit
1214 3520 1301 3573 soluat
1320 3521 1438 3573 bannum
1457 3535 1504 3588 pro
1519 3518 1638 3590 quolibet
1650 3531 1677 3572 et

507 3609 625 3680 qualibet
643 3611 700 3662 vice
718 3609 766 3662 sol.
786 3608 841 3662 LX.
860 3625 902 3679 pp.
921 3620 949 3661 et
966 3620 1056 3678 postea
1077 3607 1209 3662 auferatur
1226 3605 1319 3661 fornax
1337 3607 1388 3678 (2).

542 3783 602 3838 230.
623 3767 666 3838 (4)
685 3768 754 3822 ltena
772 3779 901 3822 statutum
919 3779 946 3820 et
963 3767 1116 3821 ordinatum
1135 3780 1174 3820 est
1193 3767 1265 3838 quod
1284 3779 1458 3821 assumatores
1477 3759 1674 3819 men'ssurarum

506 3867 646 3910 teneantur
663 3869 690 3909 et
707 3856 821 3910 debeant
838 3868 958 3926 tempore
984 3871 1038 3925 quo
1057 3855 1163 3925 signant
1190 3872 1339 3909 menssuras
1366 3854 1449 3908 facere
1466 3853 1543 3907 scribi
1562 3853 1673 3907 nomina

532 4135 560 4191 (ι)
574 4135 676 4180 llurnerns
689 4133 726 4178 tx
739 4135 788 4178 loco
802 4135 842 4178 xx
855 4137 891 4192 qui
904 4143 964 4179 antea
977 4135 1062 4188 inum,
1077 4135 1186 4192 hscriptus
1199 4135 1286 4179 ridetur.

532 4207 560 4260 (a)
577 4207 604 4261 (a)
619 4207 751 4261 Adiectionec
764 4209 899 4264 posteriores.

531 4277 559 4330 (ς)
574 4277 675 4319 Numerus
688 4278 709 4320 x
722 4279 770 4320 loco
784 4279 836 4318 alius
851 4279 916 4320 abrasi
931 4279 1018 4334 scriptos
1032 4288 1070 4319 est.

530 4349 558 4401 (4)
573 4347 673 4392 liuba-icae
686 4362 730 4404 cap.
746 4360 792 4403 230.
806 4361 826 4392 et
841 4362 892 4404 quae
906 4348 1058 4404 subsannatur
1071 4351 1191 4404 posterioris
1205 4359 1252 4390 snat
1267 4350 1320 4392 reri.
