3918 5554
1404 537 1456 594 282

329 759 653 830 REPERTORIUM
678 760 967 830 MONUMENTI
989 761 1060 830 VII.
1073 763 1189 852 (1)(V.
1203 781 1279 850 249,
1295 781 1456 852 25o,252,

285 885 363 954 253,
387 868 465 949 262,
487 868 563 954 263,
590 868 664 955 382,
688 867 742 956 I.).

390 1131 423 1183 ,2.
443 1128 707 1184 2222220202
725 1129 987 1185 srnrurouuu
1006 1131 1270 1187 muunmouuu
1297 1133 1347 1202 (2).

305 1356 328 1394 r.
346 1339 389 1394 De
407 1356 531 1394 mensum
549 1339 666 1396 Carboni
684 1341 717 1394 221
745 1339 870 1394 Corbem.

301 1442 326 1482 2.
346 1429 388 1483 De
406 1445 461 1484 non
480 1429 595 1484 eniendo
614 1428 722 1499 aliquod
742 1427 840 1483 sermm
859 1427 984 1484 sumtum.

304 1531 327 1586 3.
346 1517 388 1570 De
406 1533 462 1570 non
480 1517 607 1570 vastando
625 1515 734 1586 aliquod
751 1516 870 1587 signum.

302 1621 327 1670 4.
346 1605 389 1658 De
407 1604 493 1659 Cereo
514 1603 645 1658 faciendo.

305 1710 328 1762 5.
345 1693 388 1746 De
405 1709 461 1747 non
479 1692 596 1746 emendo
614 1691 767 1746 Carbonem
786 1709 834 1764 pro
852 1708 907 1764 quo
926 1691 1022 1766 uliquis
1040 1691 1161 1747 lermrius
1178 1693 1292 1748 dedisset
1310 1711 1404 1751 2222222.

301 1782 326 1836 6.
346 1781 428 1846 Quod
446 1779 542 1852 uliquis
560 1779 692 1834 Ferrarius
711 1796 766 1835 non
785 1793 906 1836 tenentur
924 1797 1017 1851 cupere
1034 1779 1152 1854 aliquem
1164 1782 1306 1836 dmentem
1318 1784 1364 1856 qui
1375 1797 1456 1840 staret

332 1886 394 1922 cum
412 1868 466 1922 2110
488 1867 604 1922 ferrario.

301 1972 325 2026 7.
345 1957 387 2027 (3)
406 1953 481 2023 Quod
497 1955 521 2008 st'
531 1953 662 2026 [moritu
674 1955 793 2010 decederet
812 1957 860 2028 nlij
873 1956 985 2028 smart'j
1002 1957 1104 2012 21212221
1121 1959 1145 2012 si
1155 1958 1240 2028 sacen
1260 1957 1384 2014 honorans

302 2045 327 2098 8.
347 2045 389 2098 De
407 2043 528 2099 21222222.

300 2149 325 2206 9.
345 2133 427 2198 Quod
446 2131 541 2203 aliquis
559 2149 614 2187 non
634 2131 716 2203 possit
734 2147 762 2186 se
781 2131 866 2186 lucere
884 2133 1001 2188 excusari
1020 2135 1053 2188 221
1072 2136 1232 2206 portandum
1248 2131 1371 2190 Cereum.

288 2237 327 2277 10.
346 2222 430 2276 Idem.

286 2327 326 2366 11.
345 2311 387 2364 De
405 2327 461 2366 non
480 2311 605 2381 ponendo
624 2309 717 2381 ignem
735 2307 780 2380 (V.
802 2309 860 2380 306,
887 2309 921 2380 l).

285 2413 326 2452 12.
345 2399 387 2452 De
405 2397 545 2452 oblacione
562 2397 646 2452 sancti
668 2397 806 2468 Stephani.

286 2503 326 2557 13.
345 2487 387 2540 De
406 2484 525 2540 Consule
542 2485 588 2556 qui
607 2501 663 2538 non
682 2485 784 2540 venerit
803 2485 836 2540 221
856 2483 1019 2556 Collegium.

286 2591 326 2642 14.
345 2575 387 2628 De
410 2573 549 2628 solucione
568 2573 664 2626 Corbe.

287 2681 327 2734 ¹5·
347 2665 388 2718 De
408 2663 550 2718 citatione.

286 2752 326 2807 16.
345 2753 388 2805 De
405 2755 557 2824 juramento
581 2751 709 2805 derentis.

285 2856 325 2910 17.
345 2841 386 2894 De
404 2839 541 2894 Electione
560 2838 719 2894 Consulum.

284 2929 324 2984 18.
344 2927 385 2982 De
402 2926 590 2982 Inobediencie
609 2939 792 2996 preceptorum
812 2925 972 2980 Consulum.

287 3031 327 3088 19.
347 3017 389 3070 De
407 3015 524 3070 Furinis.

284 3119 326 3160 20.
346 3105 387 3158 De
405 3104 511 3158 melone
529 3102 616 3156 fiendo
634 3114 661 3156 et
680 3103 767 3156 bunna
780 3103 919 3173 exigenda.

284 3209 326 3248 21.
345 3193 387 3246 De
405 3192 509 3246 honore
527 3190 617 3245 fiendo
637 3191 757 3244 mortuis.

284 3296 326 3335 22.
346 3282 387 3336 De
400 3281 537 3334 exactione
549 3282 708 3333 bannorum.

175 3377 180 3386 '
284 3383 326 3439 23.
346 3369 387 3422 De
406 3368 540 3422 reditione
559 3368 655 3420 Corbe.

283 3473 326 3524 24.
345 3457 381 3510 Vt
399 3458 436 3526 hij
456 3455 503 3528 qui
521 3455 698 3510 habitauerint
717 3455 744 3508 in
764 3455 873 3526 Bugella
894 3454 991 3526 sermrij
1012 3455 1126 3510 debeant
1144 3472 1200 3510 esse
1218 3455 1251 3510 de
1270 3456 1405 3528 Collegio.

283 3561 326 3616 25.
346 3545 387 3598 De
405 3545 501 3598 iniuria
520 3543 680 3598 Consulum.

283 3633 326 3689 26.
346 3635 427 3696 Quod
447 3632 513 3686 luctu
531 3649 577 3702 per
595 3631 749 3702 Collegium
768 3633 945 3687 attenduntur.

283 3736 325 3790 27.
345 3721 386 3774 De
405 3737 460 3773 uon
478 3719 623 3772 lubomndo
642 3731 701 3789 post
719 3735 849 3790 vesperos.

285 3809 327 3862 28.
349 3809 391 3862 De
404 3809 497 3878 Signo.

283 3911 325 3968 29.
345 3897 386 3950 De
405 3913 460 3949 non
478 3895 623 3949 laborando
642 3895 670 3947 in
691 3893 756 3948 sesto
791 3895 873 3972 saneti
902 3893 970 3966 Eloy
998 3905 1023 3948 et
1055 3895 1087 3947 de
1115 3895 1244 3964 portando
1273 3893 1387 3949 Cereum
1421 3897 1454 3950 ad

343 4001 460 4040 missam.

309 4160 339 4212 (2)
353 4158 380 4200 Ut
395 4159 435 4208 ism
450 4157 598 4210 superioribus,
613 4157 653 4197 hiis
668 4170 751 4210 quoque
765 4159 846 4196 22222212
862 4158 982 4198 slliirlmus
998 4159 1130 4210 repertorium
1146 4159 1166 4198 in
1181 4171 1223 4212 quo
1238 4169 1257 4198 et
1272 4171 1367 4198 numeros
1383 4159 1455 4198 retuli·

282 4243 328 4270 mus
343 4241 521 4270 monumentorum
536 4229 545 4269 1
559 4240 579 4270 et
594 4229 629 4276 111,
646 4241 676 4268 res
691 4230 783 4278 ejusdem
799 4231 878 4284 generis
894 4243 928 4282 per
943 4230 1081 4269 inermium.

312 4303 339 4352 121
355 4301 400 4341 lior
415 4303 548 4353 repertorium
563 4311 616 4340 22222
632 4301 652 4340 in
667 4301 746 4340 todire.

310 4373 337 4422 (3)
353 4371 436 4412 Titulus
451 4373 507 4412 deest
522 4374 543 4411 in
558 4373 637 4419 2021222,
653 4383 691 4412 nos
707 4372 823 4411 221ιὶ212202.
