4040 5540
1411 479 1443 548 65

277 603 311 659 ad
330 605 453 660 kalendas
471 605 544 674 maii.
563 605 597 659 Et
614 605 660 675 qui
679 603 861 658 contrafecerit
878 604 965 658 soluat
982 606 1102 658 bannum
1120 603 1168 658 sol.
1187 603 1245 657 XX.
1260 619 1302 673 pp.
1321 603 1380 672 alijs
1398 613 1447 656 sta·

282 694 346 748 tutis
364 694 561 747 remanentibus
579 693 607 746 ln
626 693 722 746 eodem
740 704 817 746 statu.
836 693 875 747 Ita
893 694 966 763 quod
984 692 1054 746 istud
1073 703 1201 747 statutum
1220 707 1275 746 non
1303 692 1445 762 derogetur

280 783 340 853 alijs
358 783 387 836 in
405 781 495 852 aliquo
514 781 635 834 videlicet
654 781 687 835 de
705 781 795 852 caprIs.

316 920 373 974 341.
393 906 436 974 (1)
454 905 522 959 Item
540 915 668 958 statutum
687 905 758 976 quod
773 921 867 958 omnes
881 904 913 958 de
927 903 1032 974 bugella
1044 904 1159 958 habeant
1177 904 1253 958 omni
1272 921 1343 958 anno
1356 903 1444 974 alpem

277 993 391 1048 niaaoni.
410 1009 458 1063 pro
476 993 534 1046 libr.
551 993 661 1046 XXXII.
675 1009 716 1064 pp.
737 993 886 1046 dummodo
904 991 1002 1046 iaciant
1019 1008 1124 1046 securos
1143 992 1265 1046 consules
1283 993 1311 1046 in
1325 991 1443 1046 kalendis

278 1081 368 1150 Marcii
388 1082 421 1134 de
438 1080 573 1135 soluendis
591 1081 667 1134 dictis
685 1081 799 1152 denariis
818 1093 844 1134 et
861 1081 924 1134 dare
941 1081 1070 1133 sericium
1084 1097 1168 1133 unum
1182 1079 1310 1134 confrarle
1321 1092 1349 1132 et
1360 1096 1444 1133 vnum

282 1168 435 1222 consulibus
453 1180 479 1222 et
497 1167 573 1222 1111⁰¹
591 1185 693 1222 casseos
712 1181 737 1222 et
756 1184 874 1222 casseum
893 1185 978 1222 unum
996 1169 1101 1222 notatio
1114 1181 1140 1222 et
1152 1185 1237 1221 vnum
1255 1168 1376 1221 seruitori
1394 1184 1447 1238 que

277 1257 375 1310 seracia
392 1256 496 1310 valeant
515 1273 562 1328 pro
581 1256 700 1326 quolibet
717 1255 764 1310 sol.
784 1254 842 1311 XX.
861 1273 903 1328 pp.
923 1269 949 1310 et
967 1256 1078 1327 quilibet
1095 1271 1198 1309 cassetis
1216 1255 1264 1310 sol.
1283 1255 1316 1309 V.
1335 1272 1377 1325 pp.
1397 1271 1446 1326 pro

277 1345 392 1415 predicta
409 1343 468 1415 alpe
486 1344 600 1398 niaaoni.
619 1345 653 1398 Et
664 1345 686 1397 si
699 1345 814 1414 predicta
827 1361 883 1399 non
896 1343 1007 1398 iecerint
1019 1343 1141 1398 consules
1160 1355 1299 1397 teneantur
1317 1359 1377 1396 eam
1395 1342 1440 1396 in-

277 1443 381 1486 cantare
399 1448 432 1486 eo
450 1442 527 1503 pacto
546 1432 618 1502 quod
636 1431 725 1485 nullus
743 1430 855 1486 lorensis
881 1432 918 1485 ibi
937 1448 1041 1502 pascare
1073 1431 1154 1502 possit
1176 1444 1202 1484 et
1220 1431 1330 1502 quilibet
1348 1431 1382 1483 de
1400 1429 1446 1482 bu·

276 1519 346 1591 gella
365 1520 465 1590 possint
483 1519 519 1572 ibi
537 1535 586 1590 pro
605 1519 676 1573 dicto
695 1520 783 1590 precio
802 1519 938 1590 pasculari.
958 1521 991 1572 Et
1002 1518 1145 1588 inpletores
1155 1519 1256 1589 possint
1268 1519 1365 1572 habere
1377 1518 1444 1570 ultra

277 1607 421 1678 predictam
450 1607 624 1678 quantitatem
652 1623 699 1678 pro
717 1623 811 1661 eorum
839 1606 929 1660 labore
956 1607 1003 1660 sol.
1023 1606 1079 1660 XL.
1099 1623 1140 1678 pp.
1160 1623 1175 1660 a
1194 1606 1366 1676 piscantibus.
1386 1603 1445 1658 aliis

276 1695 379 1750 statutis
406 1695 439 1747 de
457 1693 558 1765 alpibus
585 1695 613 1748 ln
632 1711 682 1748 suo
700 1695 795 1748 robore
819 1695 981 1748 durantibus.
1000 1696 1033 1748 Et
1052 1695 1097 1765 qui
1116 1695 1220 1748 duxerit
1238 1693 1332 1747 bestias
1351 1692 1442 1746 loren-

277 1783 347 1836 sium
365 1781 455 1854 aliquo
473 1783 556 1837 modo
574 1781 618 1836 uel
636 1783 746 1852 ingenio
765 1782 852 1836 soluat
870 1798 917 1852 pro
936 1782 1052 1853 qualibet
1070 1783 1114 1836 die
1132 1782 1180 1836 sol.
1198 1782 1256 1836 XX.
1271 1798 1313 1853 pp.
1327 1793 1353 1834 et
1371 1780 1443 1852 quod

277 1871 430 1940 impletores
448 1882 588 1924 teneantur
605 1869 716 1924 soluisse
732 1869 799 1924 inira
811 1881 935 1925 octauam
947 1871 1015 1924 santi
1030 1870 1167 1924 Michaelis
1180 1871 1311 1941 predictos
1322 1869 1445 1923 denarios

278 1959 390 2012 seracios
408 1971 435 2012 et
445 1974 552 2013 caseum
564 1959 612 2012 sub
626 1959 740 2030 predIcta
753 1975 828 2029 pena.
840 1959 884 2027 (2)
896 1959 929 2012 Et
941 1959 963 2011 si
975 1957 1091 2029 predicta
1103 1959 1168 2028 alpis
1182 1974 1237 2012 non
1250 1957 1328 2011 fuerit
1338 1957 1444 2030 vendita

279 2063 325 2117 per
338 2045 485 2117 predictum
497 2046 610 2101 modum
622 2045 744 2100 consules
757 2057 899 2100 teneantur
910 2063 970 2100 eam
982 2046 1117 2100 incantare
1135 2063 1168 2100 eo
1181 2058 1257 2116 pacto
1270 2044 1341 2117 quod
1354 2044 1443 2097 nullus

278 2133 402 2188 IorenssIs
420 2135 456 2188 ibi
474 2135 573 2206 pascari
591 2135 673 2206 possit
691 2151 740 2188 nec
758 2133 853 2206 aliquis
871 2134 955 2188 eciam
974 2135 1008 2186 de
1026 2133 1131 2204 bugella
1150 2135 1232 2204 possit
1243 2134 1280 2187 ibi
1293 2145 1382 2187 tenere
1401 2134 1446 2185 be·

278 2223 340 2277 stias
358 2223 409 2278 nisi
427 2221 506 2277 fuerit
522 2223 551 2277 in
569 2221 711 2278 concordia
729 2239 792 2277 cum
810 2223 973 2278 incantatore
991 2222 1038 2293 qui
1056 2239 1116 2276 eam
1134 2223 1228 2276 emerit
1246 2239 1261 2276 a
1279 2222 1397 2276 comuni.

584 2517 728 2573 EXSTRA
747 2517 953 2572 ORDlNARIA
972 2548 1005 2558 -
1025 2518 1056 2572 R.
1075 2517 1158 2572 XXII.

318 2778 375 2834 342.
395 2763 529 2817 Statutum
548 2775 587 2816 est
604 2762 677 2834 quod
694 2761 783 2834 aliqua
801 2779 912 2834 persona
930 2763 964 2818 de
981 2763 1087 2835 bugella
1100 2780 1156 2818 non
1170 2763 1246 2819 iaciat
1258 2763 1367 2836 aliquod
1379 2765 1447 2819 ordi-

279 2863 437 2906 namentum
456 2849 499 2904 uel
517 2863 682 2904 conuentum
700 2851 862 2905 contrarium
881 2853 1003 2906 comunis
1022 2852 1065 2906 uel
1084 2852 1179 2906 maiori
1197 2853 1263 2922 parti
1282 2853 1403 2906 comunis
1416 2865 1443 2906 et

194 2971 198 2990 .
280 2940 325 3011 qui
344 2937 525 2994 contrafecerit
542 2938 629 2993 soluat
647 2939 767 2993 bannum
784 2939 833 2994 sol.
851 2939 909 2994 XX
929 2957 971 3010 pp.
990 2941 1023 2994 Et
1042 2953 1132 3010 postea
1160 2953 1274 2995 cassetur
1291 2939 1358 2994 illud
1376 2941 1444 2996 ordi-

280 3039 436 3082 namentum
456 3027 498 3081 uel
516 3039 665 3081 contractus
682 3043 729 3081 seu
747 3040 903 3082 conuentus.

319 3200 376 3256 343.
394 3185 462 3240 Item
480 3197 607 3240 statutum
625 3186 754 3257 estquod
772 3185 860 3258 aliqua
887 3203 999 3257 persona
1025 3202 1081 3239 non
1110 3185 1203 3240 debeat
1229 3187 1291 3242 dare
1309 3186 1447 3259 albergum

280 3291 330 3328 nec
347 3275 477 3346 ospicittm
495 3292 545 3328 nec
563 3275 651 3328 bibere
669 3274 712 3328 uel
730 3275 869 3328 comedere
887 3291 936 3329 nec
954 3275 1071 3345 aliquam
1090 3273 1269 3328 mercandiam
1282 3275 1365 3328 facere
1384 3291 1445 3330 cum

281 3379 314 3416 eo
332 3363 377 3433 qui
396 3374 511 3433 portaret
528 3379 602 3416 anna
620 3361 732 3432 publica
746 3379 792 3432 per
804 3363 918 3434 burgum
931 3362 1017 3433 placij.
1031 3373 1056 3416 et
1069 3362 1141 3432 plani
1154 3361 1259 3432 bugelle
1274 3379 1324 3416 nec
1336 3362 1448 3416 domum

280 3453 330 3504 sub
348 3449 439 3522 aliquo
457 3449 536 3503 titulo
553 3450 706 3503 concedere.
726 3467 776 3504 nec
793 3451 855 3504 dare
873 3449 981 3521 aliquod
1000 3451 1130 3504 auxilium
1149 3450 1192 3503 uel
1211 3449 1339 3504 fauorem.
1351 3450 1386 3504 Et
1403 3451 1449 3521 qui

281 3537 464 3592 contrafecerit
480 3536 568 3590 soluat
585 3537 704 3592 bannum
722 3538 770 3592 sol.
789 3538 822 3592 X
842 3555 883 3608 pp.
903 3550 930 3591 et
947 3555 995 3609 pro
1013 3539 1131 3610 qualibet
1149 3539 1280 3595 edomada
1298 3549 1388 3610 postea
1406 3555 1450 3594 au·

280 3624 346 3679 ierat
364 3625 389 3678 ei
407 3626 527 3678 domum.
547 3625 580 3678 Et
598 3623 720 3678 consules
737 3643 794 3680 non
812 3627 914 3697 possint
934 3626 996 3680 dare
1014 3627 1162 3681 licenciam.

318 3798 377 3854 344.
396 3784 465 3838 Item
483 3795 610 3837 statutum
629 3795 668 3836 est
686 3785 758 3855 quod
777 3785 823 3855 qui
841 3785 981 3855 prestiterit
999 3785 1077 3838 alicui
1096 3784 1152 3839 lilio
1167 3785 1210 3839 uel
1222 3784 1333 3839 vassallo
1346 3786 1389 3854 (3)
1402 3784 1445 3838 uel

281 3873 356 3926 vxori
374 3872 417 3925 uel
436 3871 514 3924 alicui
533 3871 607 3925 alteri
625 3871 659 3924 de
676 3870 777 3946 familia
795 3871 837 3941 (3)
856 3871 966 3926 alicuius
990 3873 1108 3926 hominis
1126 3874 1159 3926 de
1178 3872 1283 3944 bugella
1301 3873 1347 3944 qui
1365 3873 1399 3926 sit
1416 3873 1445 3926 in

281 3971 410 4031 potestate
426 3959 509 4030 ipsius
526 3959 606 4030 patris
624 3958 667 4012 uel
685 3959 789 4013 domini
807 3960 848 4013 sui
866 3976 944 4030 super
970 3959 1060 4032 aliquo
1088 3961 1200 4031 pignore
1229 3959 1310 4032 ipsius
1328 3961 1447 4014 hominis

308 4165 341 4223 (t)
353 4167 404 4222 Cap.
419 4167 538 4222 posterioris
553 4168 605 4218 aevi,
620 4167 704 4210 minim
718 4167 776 4211 litera
789 4169 864 4210 initiali
878 4181 956 4210 cerem.

309 4238 342 4291 (ι)
354 4237 486 4290 Adjeetlones
500 4238 620 4293 posterioris
635 4240 687 4280 aevi.

312 4307 341 4359 (3)
358 4306 423 4346 Verba
437 4308 567 4362 persignata
582 4309 603 4348 ln
618 4309 696 4349 codicis
710 4310 802 4364 margine
815 4319 893 4350 notan.

338 4411 419 4452 Sutia.
437 4435 458 4441 -
478 4425 495 4452 t.
