3918 5554
1371 491 1423 547 247

295 615 335 669 35.
354 601 422 654 Item
440 600 512 671 quod
531 599 620 655 nullus
639 600 792 672 Calegarius
810 602 904 656 debeat
915 613 1061 673 suprastare
1073 601 1152 655 alicui
1162 599 1364 672 Calegariorurn
1377 599 1423 671 qui

257 699 329 740 emat
346 687 463 758 aliquam
482 688 612 743 derratam
630 705 698 744 vaus
715 689 790 744 alteri
809 707 860 761 que
879 691 1008 760 pertineat
1026 688 1059 742 ad
1077 687 1196 743 officium
1210 687 1357 760 Calegarie,
1371 687 1425 740 nisi

257 775 401 846 appellatus
409 774 488 830 iuerit
499 777 532 830 ab
543 789 663 848 emptore
676 777 718 832 uel
731 778 869 832 venditore
880 778 929 832 sub
941 777 1031 832 banno
1040 775 1188 832 solidorum
1200 775 1233 830 IL
1246 775 1425 848 papiensium.

296 949 336 1019 36.
355 949 423 1004 Item
433 952 505 1022 quod
517 951 628 1022 quilibet
640 952 794 1023 Calegarius
806 965 926 1008 teneatur
937 965 964 1006 et
975 953 1069 1007 debeat
1077 949 1162 1006 ficere
1173 949 1308 1022 sequelam
1318 949 1426 1020 quando

259 1037 390 1092 Consules
408 1039 485 1093 ibunt
503 1057 612 1110 querere
630 1057 676 1111 per
693 1053 789 1094 terram
808 1042 856 1095 sub
876 1043 965 1096 banno
982 1040 1131 1095 solidorum
1151 1038 1184 1093 11.
1204 1037 1370 1110 papiensium
1400 1049 1427 1092 et

259 1126 377 1195 quolibet
395 1127 438 1180 die
456 1143 510 1198 quo
528 1140 607 1182 staret
625 1141 684 1199 post
702 1129 872 1182 denariomm
889 1129 947 1182 xil.
967 1127 1141 1200 papiensium.
1159 1126 1233 1180 Etsi
1251 1137 1319 1180 esset
1331 1125 1426 1196 aliquis

259 1215 413 1285 Calegarius
431 1216 476 1286 qui
495 1233 550 1270 non
562 1229 630 1271 esset
641 1217 669 1270 in
683 1229 750 1270 terra
762 1229 882 1272 teneatur
894 1215 962 1271 infra
973 1216 1121 1271 secundum
1132 1215 1205 1269 diem
1216 1215 1256 1286 jre
1268 1214 1300 1268 ad
1313 1213 1426 1267 domum

259 1303 409 1362 Consulum
428 1315 454 1358 et
473 1303 557 1360 lacere
574 1306 612 1360 eis
630 1305 773 1376 sequelam.
792 1307 841 1360 sub
858 1305 949 1360 banno
966 1305 1114 1360 solidorum
1132 1303 1165 1358 Π.
1184 1301 1360 1374 papiensium,
1390 1301 1424 1354 Et

259 1407 307 1462 pro
325 1392 444 1462 quolibet
462 1393 506 1447 die
524 1409 579 1465 quo
596 1405 676 1448 staret
693 1394 780 1448 soluat
798 1393 921 1448 denarios
938 1393 1006 1449 ΧΠ.
1032 1393 1177 1464 papienses.

297 1581 337 1636 37.
356 1567 424 1622 ltem
442 1567 514 1638 quod
533 1569 625 1622 omnia
643 1581 763 1640 precepta
781 1587 833 1641 que
845 1568 912 1623 lacta
924 1579 1011 1624 essent
1023 1585 1069 1640 pm
1081 1565 1213 1623 Consules
1225 1565 1426 1639 maganerum

260 1655 338 1708 alicui
358 1654 498 1726 Calegario
516 1657 538 1709 si
557 1669 624 1710 esset
643 1669 794 1728 preceptum
813 1658 861 1711 sibi
881 1674 927 1728 per
944 1673 1027 1712 vnum
1047 1655 1194 1712 Consulem
1225 1655 1324 1710 sactum
1354 1659 1427 1728 quod

260 1743 366 1796 deberet
384 1743 471 1796 dicere
488 1743 605 1814 aliquam
624 1745 787 1814 propositam
805 1745 832 1798 in
845 1744 998 1798 'Credencia
1016 1744 1060 1798 uel
1078 1745 1141 1799 alibi
1154 1745 1225 1815 quod
1238 1745 1428 1800 debeatdicere

259 1831 287 1882 in
308 1831 397 1884 banno
415 1831 562 1885 solidorum
581 1830 613 1884 V.
633 1832 799 1902 papiensium
817 1833 1049 1904 quocienscunque
1061 1831 1163 1887 Consul
1177 1831 1274 1886 diceret
1286 1833 1336 1887 sibi
1348 1833 1381 1886 Et
1393 1833 1427 1887 de

260 1919 331 1972 dicto
350 1919 438 1973 banno
456 1935 512 1974 non
531 1919 613 1990 possit
631 1919 728 1974 habere
746 1919 871 1992 graciam.

298 2093 338 2162 38.
358 2093 424 2146 ltem
443 2093 651 2149 meliorauerunt
669 2094 731 2148 dicti
745 2094 881 2166 Sapientes
893 2095 966 2167 quod
979 2095 1006 2149 in
1020 2094 1144 2166 Collegio
1156 2094 1357 2167 Calegariorum
1371 2112 1425 2150 non

261 2182 293 2235 sir
312 2182 426 2252 amplius
444 2195 562 2253 receptus
580 2182 675 2254 aliquis
694 2183 778 2236 homo
797 2184 817 2236 si
837 2184 919 2238 nescit
938 2185 1042 2254 proprie
1060 2184 1208 2238 misterium
1227 2183 1373 2255 Calegarie.

301 2373 341 2428 39.
361 2359 428 2412 Item
447 2370 574 2413 statutum
593 2371 632 2413 est
650 2359 723 2431 quod
741 2359 851 2429 quilibet
870 2359 1023 2428 Calegatius
1042 2371 1162 2414 teneatur
1179 2375 1300 2414 aecuwe
1324 2377 1424 2414 vnum-

263 2462 423 2517 quemquam
442 2448 592 2502 descentem
611 2447 657 2517 qui
677 2447 834 2500 laborauerit
853 2463 914 2500 curn
933 2447 1023 2517 aliquo
1042 2447 1141 2500 rebello
1161 2445 1275 2518 Collegij
1302 2461 1329 2502 et
1359 2447 1426 2502 ultra

264 2533 312 2586 boc
331 2535 418 2588 soluat
436 2535 535 2588 solidos
554 2535 586 2586 V.
606 2535 771 2604 papiensium
790 2535 823 2588 Et
841 2535 913 2604 quod
932 2534 1021 2587 nullus
1040 2535 1193 2604 Calegarius
1211 2535 1305 2590 debeat
1323 2535 1385 2589 dare
1404 2535 1428 2588 ei

264 2620 380 2676 laborem
398 2639 446 2693 pro
464 2635 523 2677 toto
541 2638 613 2676 anno
631 2623 680 2675 sub
699 2624 788 2676 banno
806 2622 953 2675 solidorum
974 2621 1005 2675 V.
1029 2623 1204 2692 papiensium.

298 2811 340 2862 40.
358 2797 426 2851 Item
444 2798 517 2868 quod
536 2795 625 2850 nullus
643 2795 798 2866 Calegarius
822 2797 915 2850 debeat
945 2809 1075 2851 antestare
1104 2797 1288 2852 subtellaribus
1318 2797 1429 2854 alicuius

264 2884 392 2956 Calegarij
414 2887 440 2938 in
461 2885 518 2939 loro
536 2887 584 2938 sub
604 2887 693 2939 banno
711 2885 857 2938 solidorum
877 2885 909 2939 11.
935 2885 1109 2956 papiensium.

298 3075 341 3126 41.
361 3061 427 3114 ltenr
445 3073 572 3114 statutum
591 3073 617 3113 et
635 3061 788 3114 ordinatum
807 3073 845 3114 est
864 3077 909 3130 per
927 3060 1011 3113 dictos
1030 3060 1161 3114 Consules
1179 3061 1251 3132 quod
1269 3061 1359 3116 nulltu
1378 3061 1430 3116 Ca·

263 3148 376 3218 legarius
394 3150 488 3202 audeat
507 3149 549 3202 uel
568 3161 700 3219 presumat
719 3165 807 3202 emere
826 3148 911 3202 Corea
929 3150 962 3201 ab
981 3149 1071 3220 aliquo
1105 3150 1223 3203 beccerio
1253 3150 1281 3203 in
1313 3151 1428 3204 becceria

263 3238 313 3290 nisi
332 3239 503 3291 escoriauerit
521 3237 635 3306 predicta
654 3253 730 3290 corea
748 3237 803 3290 suis
821 3238 933 3306 proprijs
952 3239 1074 3290 manibus
1092 3237 1135 3291 uel
1165 3238 1310 3292 ostenderit
1337 3255 1428 3292 carnes

263 3327 390 3397 predictas
408 3329 470 3398 ipsis
489 3327 531 3380 uel
550 3327 598 3396 ipsi
618 3326 788 3397 Emptoribus
807 3325 849 3379 uel
868 3325 998 3395 Emptori‚
1017 3325 1072 3379 Sub
1091 3343 1158 3396 pena
1176 3337 1203 3380 et
1222 3327 1310 3380 banno
1323 3326 1426 3380 solido·

263 3432 322 3468 runa
341 3415 373 3470 X.
393 3417 567 3486 papiensium.

298 3604 340 3657 42.
360 3589 426 3643 item
445 3602 573 3644 statutum
591 3603 630 3642 est
648 3601 674 3642 et
692 3591 843 3643 ordinatum
863 3589 935 3660 quod
953 3565 1064 3660 quilibet
1082 3590 1115 3642 de
1133 3589 1281 3648 Consorcio
1308 3602 1429 3644 teneatur

262 3691 289 3731 et
307 3679 400 3732 debeat
418 3678 480 3730 dare
498 3695 546 3748 pro
564 3678 703 3732 consorcia
721 3678 797 3731 ornni
816 3693 888 3731 anno
906 3677 934 3730 in
954 3675 1021 3730 sesto
1039 3678 1121 3730 sancti
1140 3676 1267 3746 Stephani
1298 3677 1428 3731 Sestinum

263 3783 346 3820 vnum
365 3767 398 3818 ad
417 3765 567 3819 laciendum
586 3765 684 3820 Cereos
708 3767 740 3820 ad
772 3767 890 3820 dandum
918 3766 1041 3836 Ecclesijs
1068 3778 1094 3819 et
1124 3767 1156 3818 ad
1188 3765 1338 3820 laciendum
1361 3766 1429 3820 alios

263 3866 391 3924 sumptus

297 4045 340 4100 43.
359 4029 427 4084 Item
445 4039 572 4084 stanuum
591 4029 720 4099 estquod
738 4027 870 4083 Consules
888 4027 1025 4100 Calegarie
1043 4029 1144 4098 possint
1162 4041 1189 4082 et
1206 4027 1313 4083 ualeant
1343 4026 1428 4082 [ποτε

262 4130 289 4172 et
306 4117 414 4172 reddere
432 4117 562 4170 rationem
581 4115 688 4170 cuilibet
706 4115 805 4188 petenti
824 4116 957 4187 usquead
977 4116 1076 4170 solidos
1106 4115 1164 4170 xie
1198 4116 1363 4186 papiensium
1394 4115 1428 4168 de

263 4205 315 4276 hijs
327 4221 379 4276 que
398 4205 528 4276 pertinent
547 4205 579 4258 ad
598 4203 716 4259 officium
736 4205 874 4274 Calegarie
892 4217 918 4258 et
936 4205 1072 4258 absoluere
1091 4217 1116 4258 et
1134 4204 1331 4276 condempnare
1361 4205 1428 4258 sieut

263 4293 296 4346 de
314 4295 372 4362 jure
390 4291 467 4346 luerit
485 4293 661 4347 exercendum
680 4291 823 4364 negocium
850 4292 1003 4364 questionis.
