3958 5540
1440 517 1471 570 57

308 621 383 674 rebus
401 619 483 691 ipsius
500 619 546 692 qui
564 619 617 674 hoc
634 618 736 674 fecisset
753 619 775 672 si
793 619 900 674 haberet
919 629 1024 674 tanturn
1041 620 1119 674 vnde.
1138 631 1164 672 et
1181 619 1204 673 sl
1222 632 1290 676 esset
1317 621 1349 676 de
1368 619 1474 693 bugella

308 707 373 762 etsi
391 709 447 778 ipse
464 723 520 762 non
538 707 646 762 haberet
663 719 767 762 tantum
786 706 829 760 uel
846 708 869 760 si
887 723 942 760 non
961 719 1028 761 esset
1045 708 1079 761 de
1108 707 1213 778 bugella
1241 708 1376 764 residuum
1394 711 1472 764 resti-

291 803 396 848 'tuatur
413 794 451 848 eis
469 796 503 848 de
520 793 629 850 comuni
648 793 753 866 bugeile
770 795 838 848 sicut
855 809 933 862 supra
952 795 1053 848 dictum
1072 806 1119 847 est
1138 795 1178 847 Eo
1191 794 1266 848 saluo
1278 795 1350 865 quod
1365 813 1411 866 per
1422 797 1475 852 hoc

309 893 436 936 statutum
455 897 510 936 noo
529 879 695 952 Intelligatu'r
712 882 745 935 de
762 881 856 952 porcis.
884 898 933 934 nec
951 881 984 933 de
1002 879 1084 934 furtis.
1115 882 1187 951 quod
1206 881 1318 935 debeant
1339 885 1474 938 emendari

310 969 343 1022 de
361 969 478 1023 comuni.
496 981 523 1023 et
540 969 662 1024 consules
679 962 819 1023 tentantur
836 985 928 1038 capere
946 969 989 1022 uel
1009 981 1096 1038 petere
1114 969 1249 1021 racionem
1267 970 1338 1024 illius
1368 972 1412 1040 qui
1432 971 1473 1025 ie·

310 1056 386 1110 cisset
404 1058 560 1129 dampnum.
578 1069 605 1112 et
622 1059 684 1112 dare
701 1069 727 1111 et
746 1058 903 1128 consignare
918 1056 1027 1110 comuni
1040 1057 1072 1108 ed
1082 1055 1134 1109 hoc
1152 1067 1292 1110 teneantur
1309 1056 1394 1111 iacere
1406 1059 1474 1114 inira

310 1157 415 1214 tempus
432 1161 526 1198 eorum
544 1145 695 1199 consulatus
714 1161 759 1216 per
777 1160 870 1198 eorurn
895 1127 1085 1198 lurainentum.

347 1299 407 1354 293·
425 1284 492 1338 Item
510 1297 638 1339 statutum
657 1298 696 1339 est
714 1286 785 1356 quod
804 1287 849 1355 qui
868 1283 1018 1356 explanaret
1042 1282 1156 1351 lnpleret
1174 1282 1216 1336 uel
1236 1295 1347 1338 uastaret
1365 1285 1473 1356 aliquod

315 1369 443 1426 fossatum
462 1373 585 1426 comunis
602 1374 636 1426 de
654 1373 739 1444 plutio
757 1373 800 1428 uel
818 1374 852 1427 de
870 1373 950 1444 plano
967 1388 1029 1426 cum
1048 1371 1138 1440 bestijs
1154 1370 1198 1423 uel
1216 1371 1372 1442 sinebestijs
1388 1374 1474 1430 soluat

312 1459 432 1513 Manum
449 1459 497 1512 sol.
518 1459 572 1513 lit
592 1461 635 1530 (1)
654 1473 744 1531 postea
763 1459 861 1515 reficiat
879 1477 950 1516 euru.

346 1630 405 1686 ²94·
424 1615 492 1670 ltcm
510 1627 638 1670 statutum
656 1631 695 1672 est
713 1619 785 1689 quod
803 1619 849 1689 qui
868 1633 991 1690 ruoperet
1008 1633 1123 1692 portaret
1141 1638 1187 1676 seu
1206 1623 1352 1677 denotaret
1364 1621 1473 1692 aliquod

310 1703 496 1772 palenclaatum
514 1703 558 1756 uel
575 1704 691 1775 aliquam
710 1706 869 1760 clauourarn
887 1708 921 1760 de
939 1708 1024 1778 placio
1042 1709 1085 1764 uel
1104 1710 1137 1763 de
1150 1710 1237 1780 plano.
1251 1710 1471 1764 Soluatbannum

309 1790 357 1842 sol.
378 1791 432 1844 lit
452 1809 493 1860 pp.
513 1803 602 1860 postea
621 1791 719 1846 reficiat
736 1811 803 1848 earn
822 1807 849 1848 et
867 1795 988 1849 consules
1006 1792 1145 1851 teneantur
1162 1798 1301 1868 inquirere.

347 1963 405 2018 295·
424 1948 491 2002 Item
509 1961 636 2004 statutum
655 1963 693 2004 est
711 1951 783 2022 quod
801 1953 847 2022 qui
865 1965 967 2022 caperet
995 1953 1086 2006 lenum
1113 1952 1209 2006 furtiue
1237 1954 1263 2007 in
1292 1955 1398 2008 ouuanis
1416 1955 1472 2008 siue

311 2035 337 2088 in
356 2037 423 2089 meis
442 2036 485 2089 uel
503 2049 626 2107 ruoperet
643 2039 686 2091 uel
705 2040 852 2092 deuastaret
869 2056 981 2095 cauauas
1000 2040 1043 2094 uel
1061 2055 1173 2094 ramaras
1191 2041 1234 2094 uel
1247 2041 1391 2096 clausturas
1402 2059 1472 2095 mea·

310 2139 370 2176 rum
388 2121 442 2176 seni
460 2123 546 2178 soluat
564 2125 682 2179 bannum
700 2125 749 2178 sol.
768 2126 823 2181 LX.
843 2126 885 2196 (2)
904 2144 946 2198 pp.
965 2141 991 2182 et
1009 2129 1133 2181 emendet
1150 2129 1297 2198 dampnum
1315 2141 1341 2183 et
1359 2129 1471 2200 qu'uque

310 2211 391 2280 possit
407 2227 541 2266 accussare
559 2225 585 2266 et
602 2213 769 2268 denunciare.
796 2215 830 2266 Et
847 2215 969 2268 consules
996 2227 1134 2268 teneantur
1160 2217 1292 2286 inquirere
1321 2218 1363 2286 (3)
1381 2217 1471 2286 etqui

310 2299 456 2368 hospitatus
473 2299 552 2354 suerit
569 2301 598 2354 in
616 2301 709 2354 alienis
727 2303 853 2356 muannis
870 2304 927 2355 siue
945 2301 1050 2356 licentia
1063 2303 1235 2356 dominorum
1248 2321 1363 2374 quorum
1375 2303 1474 2358 fuerint

311 2401 430 2442 amnne
447 2387 534 2443 soluat
552 2389 678 2444 bannum.
697 2388 745 2442 sol.
764 2389 822 2443 xx
841 2407 883 2460 pp.
903 2391 954 2458 (3).

345 2545 405 2616 296.
423 2547 491 2600 Item
509 2559 637 2602 statutum
654 2547 784 2617 estquod
802 2546 847 2616 qui
867 2547 980 2616 rapuerit
999 2546 1091 2601 fenum
1108 2546 1140 2601 ln
1157 2547 1289 2618 aliquibus
1319 2547 1399 2618 pratis
1416 2548 1468 2602 ali-

309 2633 383 2687 cuius
401 2634 519 2688 hominis
536 2635 570 2688 de
587 2635 693 2704 bugella
711 2634 797 2688 soluat
825 2635 943 2688 bannum
970 2635 1018 2688 sol.
1047 2635 1105 2688 xx.
1124 2651 1166 2704 pp.
1185 2637 1218 2688 de
1236 2636 1279 2688 die
1296 2647 1323 2688 et
1340 2637 1373 2690 de
1392 2649 1470 2688 nocte

308 2720 356 2774 sol.
375 2721 430 2775 XL.
449 2733 476 2775 et
493 2723 616 2776 emendet
633 2723 759 2792 dspnum.
779 2721 812 2774 Et
829 2722 875 2791 qui
903 2721 1016 2790 rapuerit
1033 2723 1123 2774 erbam
1141 2722 1172 2774 ln
1200 2723 1321 2792 predictis
1339 2722 1404 2775 locis
1421 2739 1468 2776 so-

309 2807 365 2863 luat
382 2811 501 2864 bannum
518 2809 566 2864 sol
586 2809 710 2880 quinque.
729 2809 762 2862 de
780 2809 831 2863 die.
850 2821 876 2862 et
894 2810 927 2862 de
945 2819 1024 2862 nocte
1035 2809 1082 2862 sol
1096 2809 1128 2862 X.
1141 2821 1167 2863 et
1179 2810 1302 2863 emendet
1315 2811 1470 2878 dampnum.

344 2961 405 3018 297·
422 2947 489 3002 Item
508 2960 634 3003 statutum
652 2961 691 3001 est
709 2947 781 3018 quod
799 2947 886 3017 aliqua
905 2963 1015 3017 persona
1034 2963 1088 3001 non
1108 2949 1201 3001 debete
1219 2949 1307 3002 bibere
1325 2949 1418 3004 vinum
1437 2948 1470 3002 ad

310 3034 422 3090 botulloc
439 3035 470 3089 ln
488 3035 576 3105 aliqua
594 3047 666 3104 parte
686 3035 737 3088 loci
757 3035 861 3102 bugelle
879 3035 930 3087 nisi
949 3035 981 3086 de
1000 3033 1109 3087 licencia
1124 3034 1194 3088 illius
1206 3035 1280 3088 cuius
1292 3049 1359 3088 esset
1370 3037 1471 3089 dictum

309 3123 410 3178 noum.
429 3121 462 3176 Et
480 3124 525 3192 qui
543 3121 724 3176 contrafecerit
741 3122 828 3176 soluat
846 3123 964 3176 bannum
982 3137 1030 3192 pro
1048 3122 1167 3192 quolibet
1185 3135 1211 3176 et
1222 3123 1339 3194 qualibet
1352 3123 1409 3178 vice
1420 3122 1471 3176 sol.

309 3209 341 3264 1l
360 3227 403 3281 pp.
421 3211 454 3265 Et
471 3211 582 3281 quisque
600 3210 682 3280 possit
698 3225 839 3263 accussart.

344 3369 404 3440 298.
422 3369 490 3424 Item
508 3381 635 3422 statutum
653 3381 692 3422 ost
710 3369 781 3438 quod
802 3385 857 3423 non
875 3367 1032 3424 nuntietur
1048 3369 1082 3424 de
1100 3367 1209 3423 comuni
1228 3365 1340 3440 bugelle.
1359 3367 1406 3422 illi.
1425 3367 1469 3422 cui
1516 3379 1520 3386 ’

307 3455 405 3512 iactum
424 3455 502 3511 irretit
520 3457 665 3526 dampnum
684 3456 791 3525 aliquod
811 3455 853 3508 uel
872 3469 1004 3524 guastum.
1017 3455 1047 3509 ln
1067 3456 1155 3526 aliqua
1167 3469 1235 3510 terra
1247 3456 1291 3510 uel
1306 3457 1469 3526 possessione

307 3545 341 3598 de
359 3561 410 3614 qua
428 3544 536 3597 soluerit
555 3543 660 3596 fodrum
678 3545 739 3596 alibi
759 3559 839 3612 quam
867 3542 976 3596 comuni
1004 3542 1116 3612 bugelle.
1135 3544 1178 3612 (3)
1205 3543 1258 3596 Seu
1276 3559 1327 3614 que
1345 3543 1379 3596 sit
1397 3555 1468 3596 extra

307 3632 407 3686 nariam
426 3631 469 3685 uel
486 3631 639 3684 destrictum
658 3630 780 3683 comunis
799 3628 904 3702 bugelle
922 3645 967 3684 seu
987 3629 1090 3684 uernati
1108 3630 1160 3698 (3).

343 3783 402 3840 ²99·
420 3768 488 3824 Item
506 3781 632 3823 statutum
651 3769 779 3840 estquod
797 3767 842 3838 qui
861 3767 941 3822 luerit
958 3767 991 3822 ad
1010 3767 1101 3836 ignem
1119 3765 1162 3820 uel
1180 3767 1213 3822 ad
1232 3769 1344 3822 domum
1356 3767 1466 3822 alicuius

307 3867 334 3909 et
351 3856 416 3910 Inde
434 3856 532 3926 aliquid
552 3857 693 3926 portauerit
711 3857 745 3910 de
762 3856 855 3909 alienis
874 3855 950 3909 rebus
969 3865 995 3908 et
1012 3871 1056 3908 eas
1075 3871 1130 3908 non
1149 3855 1271 3908 redidcrit
1289 3855 1343 3924 ipsa
1357 3855 1399 3908 die
1417 3856 1468 3908 sol·

307 3955 352 3997 nat
370 3943 488 3998 &nuum
506 3943 554 3996 sol.
573 3943 630 3998 xil
641 3959 683 4014 pp.
696 3957 722 3998 et
731 3944 841 4014 quisque
860 3944 940 4013 possit
952 3959 1085 3996 accussare
1097 3955 1123 3996 et
1134 3943 1227 3995 habeat
1243 3943 1306 3996 lude
1319 3945 1366 3996 sol.
1380 3943 1412 3996 V.
1423 3959 1466 4014 pp.

331 4151 365 4204 (ι)
377 4149 478 4192 Numae
493 4151 529 4192 LX
542 4151 650 4206 iaacrlprua
664 4161 704 4200 eat,
718 4151 760 4192 alio
774 4151 853 4192 abraso.

333 4223 364 4274 ir)
377 4221 438 4262 Nutu.
453 4221 489 4262 Lx
503 4222 551 4262 loco
565 4221 612 4270 ΧΧ,
627 4224 662 4274 qui
676 4231 734 4263 autea
748 4224 832 4272 inesset,
847 4223 955 4275 iussnptut
969 4221 1056 4264 videtur.

334 4293 362 4344 lu
380 4293 409 4344 lul
425 4293 555 4344 ΜΜΜ
569 4294 700 4346 ΜΝ·
