3978 5546
1405 475 1437 532 45

278 603 304 646 et
321 590 455 664 ydoneum
473 591 640 645 securitatem
658 589 764 645 nitendi
783 591 896 646 domum
914 589 957 644 uei
975 589 1056 644 elium
1075 585 1269 659 possessionem
1287 585 1320 639 cd
1338 583 1440 640 nolun-

278 691 360 734 tstens
378 679 521 734 credencie
540 679 608 733 inira
625 695 670 733 sex
688 695 805 733 mensses
824 691 882 751 post
900 695 980 751 quum
999 687 1116 748 receptm
1134 675 1212 730 inerit
1223 687 1250 729 et
1261 673 1442 729 ueneritstsre

279 767 307 822 in
325 767 468 840 bugellsm.
487 766 557 822 lniru
575 784 660 822 unum
679 783 812 822 menssem
830 779 890 838 post
907 783 988 837 quarn
1006 777 1124 835 receptus
1142 763 1220 818 fuerit
1232 775 1258 816 ct
1270 763 1321 818 nisi
1333 763 1442 834 promis·

279 856 341 910 serit
359 868 486 927 perpetuo
504 867 572 910 sture
590 867 616 909 et
634 871 789 926 permuneoe
807 855 850 924 (1)
868 867 894 908 et
912 853 1011 908 steterit
1030 854 1072 922 (r)
1091 853 1119 906 in
1137 849 1243 922 bugella
1261 867 1323 904 cum
1341 849 1442 904 semilis

279 961 326 998 sun
344 955 370 997 et
387 942 546 1015 obligauerit
563 943 675 997 domum
694 941 738 997 uel
756 943 949 1014 possessionem
967 957 1015 1013 pro
1032 941 1154 1012 predictis
1171 939 1337 993 attendendis
1355 950 1382 992 et
1400 938 1443 992 de·

280 1031 347 1084 derit
364 1031 511 1084 albulistcm
530 1030 573 1084 uel
601 1029 731 1084 nibnlisus
758 1031 800 1100 (3)
827 1030 936 1084 comuni
955 1029 988 1082 ud
1006 1027 1172 1082 uoluntatem
1190 1026 1333 1080 credencie.
1352 1027 1441 1097 etqui

280 1129 371 1172 contre
388 1119 417 1172 in
436 1118 526 1190 nliquo
556 1117 645 1172 iecerit
671 1135 726 1172 non
745 1119 779 1172 sit
797 1117 929 1172 habiutor
956 1133 1006 1170 nec
1034 1133 1081 1187 pro
1106 1115 1254 1168 habitatore
1271 1115 1398 1168 hebetur
1415 1127 1442 1168 et

279 1206 375 1260 domos
393 1219 419 1261 et
437 1207 613 1278 possessiones
631 1207 653 1260 si
671 1221 736 1278 quas
754 1207 848 1260 emerit
866 1206 924 1276 ipso
943 1204 1011 1259 iacto
1029 1203 1184 1275 perueniunt
1202 1203 1230 1258 in
1254 1217 1370 1256 comune
1388 1203 1440 1257 bu·

279 1293 349 1366 pelle
366 1293 446 1364 pleno
464 1296 529 1365 jure.

316 1448 375 1500 242.
394 1433 461 1489 item
479 1445 606 1490 stutuntm
620 1433 743 1506 estquod
756 1434 843 1504 ulique
855 1450 967 1506 persons
978 1451 1031 1506 que
1042 1447 1097 1488 non
1110 1433 1211 1487 hsbitet
1222 1433 1250 1486 in
1263 1432 1368 1504 bugella
1380 1449 1442 1487 curn

280 1521 380 1576 feudiis
397 1537 445 1576 sus
463 1535 489 1576 et
507 1521 584 1576 incint
601 1521 774 1576 uicinentitm
792 1522 859 1576 sicut
876 1522 921 1592 alii
941 1521 1023 1576 uicini
1043 1533 1069 1575 et
1086 1537 1140 1592 que
1157 1535 1213 1575 non
1232 1520 1319 1574 soluat
1331 1519 1405 1574 iodrn
1416 1533 1444 1575 et

281 1610 367 1664 bnnnu
385 1609 494 1664 comuni
513 1609 618 1680 bugelle
630 1611 672 1680 (2)
685 1610 769 1681 etqui
782 1625 838 1663 nou
851 1609 884 1664 sit
897 1609 1029 1664 hubitator
1040 1609 1163 1662 comunis
1175 1607 1280 1680 bugelle
1297 1607 1443 1662 secundum

280 1697 394 1752 sormam
412 1697 526 1752 eliorum
544 1709 702 1752 statutorum
721 1697 764 1768 (2)
777 1713 832 1752 non
845 1697 928 1767 possit
940 1713 988 1752 uec
1001 1697 1114 1750 debeant
1126 1713 1215 1750 emere
1228 1695 1347 1767 aquirere
1357 1711 1445 1766 neque

280 1785 419 1840 succedere
437 1786 480 1856 (1)
499 1801 585 1857 neque
603 1785 630 1838 in
650 1784 768 1839 solutum
786 1801 836 1838 nec
854 1785 882 1838 in
901 1785 1007 1838 domem
1026 1784 1180 1838 extimstsm
1198 1798 1247 1836 nec
1260 1783 1444 1838 inentimntnrn

280 1873 397 1944 accipere
414 1874 457 1943 (1)
475 1872 591 1946 aliquam
609 1873 722 1927 domum
740 1889 827 1944 neque
846 1872 1039 1943 possessionem
1057 1872 1086 1926 in
1105 1871 1210 1944 bugella
1228 1887 1314 1942 neque
1340 1871 1369 1925 in
1387 1871 1444 1926 eius

281 1973 353 2016 curte
370 1961 427 2016 siue
445 1961 576 2015 territorio
594 1977 680 2033 neque
698 1959 762 2014 nlius
781 1960 958 2032 possessiones
972 1977 1037 2032 quus
1049 1961 1147 2015 iubent
1159 1959 1283 2014 homines
1294 1959 1328 2013 de
1340 1958 1445 2030 bugeils

281 2049 309 2102 in
328 2061 400 2104 curte
417 2061 444 2102 et
461 2048 594 2102 territorio
612 2050 722 2103 nemeti.
742 2048 839 2120 Ecqui
857 2047 1040 2102 contrafecerit
1057 2049 1154 2102 domus
1172 2047 1230 2102 siue
1253 2045 1383 2118 possessio
1400 2059 1443 2102 ta-

281 2136 339 2192 liter
356 2135 481 2208 uquissitc
499 2147 590 2190 contro
617 2137 732 2207 predicta
761 2137 905 2191 deueniaut
932 2135 960 2190 in
990 2152 1107 2190 comune
1126 2135 1232 2208 bugelle
1250 2149 1277 2190 et
1294 2136 1332 2190 sic
1349 2151 1444 2190 omnes

281 2222 449 2279 medentiutii
468 2223 501 2277 ud
519 2235 609 2278 sanctu
627 2224 669 2278 dei
688 2224 828 2295 euangelia
846 2224 969 2278 utendere
984 2223 1152 2294 Juruuerunt.

317 2396 377 2452 243.
395 2382 464 2436 Item
481 2393 610 2436 statuunm
628 2395 654 2436 et
671 2383 825 2436 ordinatim
838 2383 961 2453 estquod
973 2381 1062 2453 ulique
1073 2397 1185 2452 persons
1196 2381 1383 2453 undecumque
1400 2384 1445 2452 (2)

281 2470 383 2524 venuit
400 2486 453 2541 que
469 2470 513 2538 (2)
532 2486 604 2524 nnnc
630 2471 731 2525 habim
760 2469 804 2524 uel
822 2487 873 2540 que
891 2471 925 2524 de
950 2481 1039 2524 emero
1056 2469 1214 2523 habitauerit
1231 2469 1259 2522 in
1278 2469 1383 2540 bugella
1401 2487 1447 2542 per

282 2567 527 2629 qantumcumque
544 2569 649 2628 tempus
666 2557 825 2612 habitauerit
842 2558 873 2610 ln
892 2559 963 2612 dicto
981 2557 1042 2611 ioco
1061 2556 1167 2628 bugeile
1185 2573 1240 2610 uon
1258 2556 1385 2612 hnbesmr
1396 2573 1446 2612 nec

281 2655 402 2698 tenentur
413 2659 462 2714 pro
480 2643 628 2698 habitatore
646 2646 702 2714 ipse
719 2661 770 2700 nec
782 2645 839 2698 eius
851 2645 961 2698 heredes
974 2645 1025 2698 nisi
1038 2646 1110 2715 prius
1121 2655 1239 2714 receptus
1251 2642 1330 2699 fuerit
1346 2643 1374 2698 iu
1392 2643 1444 2696 its-

282 2731 422 2786 bitctorern
440 2731 587 2786 secundum
606 2731 720 2786 formam
739 2733 853 2787 aliorum
880 2743 1039 2786 statutorum
1066 2732 1117 2802 (r).
1145 2731 1259 2786 lintione
1275 2730 1387 2802 originis
1403 2731 1445 2786 vel

282 2819 429 2874 muniens
446 2819 531 2873 marn
549 2817 572 2872 si
590 2821 702 2874 stetisset
720 2833 747 2874 et
764 2821 906 2875 habitasset
932 2821 960 2873 in
979 2819 1085 2892 bugells
1112 2831 1251 2891 postquem
1278 2819 1392 2874 venisset
1408 2819 1445 2874 ibi

281 2909 315 2964 nd
333 2907 509 2963 habitandum
527 2907 570 2961 uei
589 2908 674 2962 πίω
693 2921 833 2981 postquam
852 2907 888 2962 ibi
908 2921 986 2962 nutus
1003 2908 1093 2963 fuisset
1111 2925 1158 2980 per
1174 2909 1301 2979 specium.
1313 2907 1346 2962 X
1364 2923 1447 2962 nuno·

282 3013 350 3052 rum.
368 2997 427 3051 xx
446 2995 529 3050 XXX,
548 2996 604 3050 XL.
622 3013 669 3050 seu
687 2997 770 3051 eciam
790 3009 864 3052 tanto
881 3010 1002 3068 tempore
1019 2997 1052 3051 de
1070 2998 1145 3052 cuius
1162 2998 1295 3052 contrusio
1312 3013 1368 3051 non
1386 2997 1445 3051 exi·

282 3097 361 3142 steret
378 3085 509 3139 mensoris
527 3084 578 3153 (r).

319 3257 378 3310 244.
396 3243 465 3297 ltcm
483 3255 610 3296 statutum
630 3257 668 3297 est
687 3245 759 3315 quod
778 3245 873 3316 uliquis
902 3245 987 3298 homo
1013 3244 1058 3298 uei
1086 3244 1185 3298 semina
1215 3245 1249 3297 de
1267 3243 1372 3316 bugella
1390 3261 1445 3296 non

283 3329 363 3400 possit
382 3346 430 3384 uec
449 3331 543 3385 debent
561 3331 676 3384 uendere
695 3331 809 3386 alienare
828 3333 927 3386 donare
946 3350 1032 3404 neque
1050 3333 1165 3387 iudicare
1183 3333 1225 3401 (2)
1238 3331 1327 3385 necin
1345 3329 1446 3385 infiteo·

282 3417 331 3472 situ
344 3417 489 3472 concedere
501 3419 543 3488 (2)
556 3417 673 3490 aliquem
689 3420 802 3474 domurn
815 3420 857 3473 uei
872 3421 968 3474 domos
981 3434 1061 3474 terras
1075 3421 1116 3474 uel
1127 3419 1312 3490 possessiones
1330 3419 1447 3474 lucentes

283 3503 310 3558 in
329 3505 461 3559 territorio
479 3517 505 3560 et
523 3519 596 3560 curte
615 3507 721 3576 bugelie
739 3519 764 3560 et
784 3507 894 3561 ueritati.
914 3509 991 3562 alicui
1012 3527 1122 3578 persone
1135 3507 1177 3562 uel
1190 3507 1315 3578 personis.
1328 3507 1446 3562 comuni.

282 3591 397 3664 collegio
415 3593 458 3646 uei
478 3593 664 3648 uniuerssituti.
684 3613 735 3666 que
754 3613 809 3648 nou
829 3595 881 3649 siut
901 3597 933 3648 dc·
952 3597 1065 3664 bugella.
1079 3597 1111 3649 Et
1125 3613 1179 3648 non
1193 3596 1297 3649 solun‘nt
1310 3595 1397 3649 bunna
1409 3595 1446 3650 so-

282 3679 327 3734 dru
346 3691 372 3733 et
390 3679 454 3734 nlius
476 3679 676 3752 impossiciones
690 3699 752 3736 curu
765 3683 919 3736 homiuibus
936 3683 1040 3754 bugelle
1053 3695 1078 3736 et
1091 3683 1136 3754 qui
1149 3699 1203 3736 non
1216 3683 1249 3736 sit
1262 3682 1392 3738 habitator
1403 3685 1447 3754 (ι)

282 3767 315 3821 Et
333 3767 453 3822 subditus
471 3770 580 3824 comuni
591 3769 697 3840 bugelie
709 3771 736 3824 in
756 3768 844 3824 fodris.
864 3770 952 3840 dscijs.
972 3769 1099 3838 condicijs
1117 3780 1144 3822 et
1155 3769 1280 3824 omnibus
1291 3769 1350 3841 niijs
1365 3769 1448 3826 hone·

282 3853 355 3909 ribus
373 3855 487 3910 renlibus
505 3869 531 3912 et
550 3857 738 3928 personalibus.
758 3870 785 3911 et
803 3857 888 3910 mistis
906 3868 933 3910 et
951 3855 1009 3926 nlijs
1022 3857 1240 3928 quibuscumque.
1252 3869 1279 3912 et
1291 3857 1336 3928 qui
1355 3871 1447 3914 contra

282 3939 372 3996 iecerit
389 3953 510 3998 tenentur
528 3943 590 3998 dure
608 3945 717 3998 comuni
737 3943 854 4014 precium
873 3943 911 3998 rei
930 3943 1036 3997 vendite
1055 3959 1103 4016 pro
1115 3959 1183 4016 pens
1194 3956 1221 3999 et
1233 3943 1330 4000 banno.
1342 3957 1369 4000 et
1381 3943 1448 4002 vltra

311 4113 338 4166 ut
354 4115 382 4168 ut
397 4123 417 4156 a
433 4117 460 4168 or
477 4117 504 4168 or
520 4115 585 4158 vus·
599 4117 701 4172 renem
715 4117 800 4170 urm·

281 4183 595 4314 amputastis
615 4185 649 4228 S-
669 4183 1012 4244 wasemium-s
1032 4185 1448 4246 «emmanu-u·
