3958 5540
512 537 546 592 62

512 677 559 732 per
576 672 689 732 quatuor
706 659 823 732 pertims
841 659 875 712 Et
892 661 938 731 qui
956 661 1137 714 contrafecerit
1155 659 1198 714 uel
1216 658 1271 714 fieri
1289 659 1379 714 iecerit
1396 659 1483 714 soluat
1495 661 1613 714 bannum
1626 676 1674 730 pro

513 735 631 820 quolibet
648 760 675 801 et
692 749 808 819 qualibet
825 749 890 801 vice.
909 747 957 802 sol.
975 749 1033 802 XX
1052 766 1095 819 pp.
1113 760 1140 802 et
1159 748 1279 802 consides
1297 765 1353 801 non
1379 749 1482 819 possint
1508 748 1570 800 dare
1587 747 1673 800 licen·

512 837 582 890 ciam
600 847 639 889 set
656 847 796 889 teneantur
812 836 948 906 Inquirere
965 837 988 890 si
1005 837 1115 890 sinerint
1132 835 1175 889 uel
1194 837 1216 889 si
1234 835 1312 888 fuerit
1330 835 1368 888 eis
1386 836 1576 890 denunciatum
1594 846 1621 888 et
1639 847 1674 888 te·

512 939 575 979 nere
592 923 793 978 denunciatores
811 924 935 994 priuatos

551 1078 607 1133 324.
626 1064 694 1117 Item
711 1075 838 1117 statutum
857 1064 985 1134 estquod
1004 1063 1049 1134 qui
1070 1080 1098 1118 se
1116 1063 1244 1117 lauauerit
1262 1080 1357 1118 manus
1374 1063 1403 1116 in
1430 1061 1517 1134 Rugia
1536 1073 1598 1116 ante
1616 1073 1672 1116 ter-

512 1151 581 1205 ciam
599 1151 686 1206 soluat
704 1153 823 1205 bannum
841 1151 890 1204 sol.
909 1152 942 1204 11.
961 1168 1004 1221 pp.

549 1307 606 1360 325.
625 1292 668 1361 (ι)
686 1292 752 1346 Item
771 1303 899 1345 statutum
917 1303 956 1344 est
982 1292 1055 1362 quod
1081 1290 1176 1362 aliquis
1202 1308 1257 1346 non
1285 1292 1367 1362 possit
1385 1309 1433 1346 nec
1458 1293 1552 1346 debeat
1569 1291 1672 1344 ducere.

511 1396 561 1432 nec
578 1380 639 1432 duci
658 1378 742 1433 lacere
760 1379 875 1449 Rugiam
894 1379 969 1448 placij
990 1395 1035 1448 per
1052 1379 1123 1431 viam
1141 1377 1221 1448 glare
1240 1397 1256 1431 a
1274 1379 1361 1449 Rugia
1379 1380 1512 1450 usquead
1540 1378 1672 1450 platbmm

512 1467 545 1519 de
563 1482 666 1520 rouore.
686 1467 720 1520 Et
737 1466 784 1537 qui
802 1465 983 1519 contrafecerit
1000 1466 1087 1518 soluat
1113 1467 1232 1519 bannum
1250 1466 1298 1520 sol.
1323 1467 1381 1520 XX.
1400 1483 1442 1536 pp.
1469 1479 1496 1519 et
1513 1467 1547 1519 de
1564 1465 1673 1519 comuni

511 1553 560 1606 sol.
578 1554 635 1607 XX
655 1571 696 1623 pp.
715 1570 763 1623 pro
781 1564 926 1606 manatura
945 1565 972 1606 et
989 1553 1111 1606 consules
1138 1554 1239 1622 possint
1264 1554 1360 1606 exinde
1386 1555 1448 1607 dare
1471 1553 1609 1606 licenciam
1630 1554 1673 1622 (2)

511 1641 599 1694 dando
617 1639 665 1693 sol
684 1640 741 1693 XX
760 1657 803 1710 pp.
820 1641 968 1694 secundum
986 1640 1100 1694 formam
1118 1641 1224 1694 alterius
1241 1641 1331 1694 statuti
1349 1643 1425 1712 rugie
1442 1642 1494 1710 (a).

549 1796 606 1868 326.
625 1797 668 1868 (3)
685 1799 754 1852 Item
771 1809 899 1852 statutum
914 1809 941 1851 et
958 1799 1110 1852 ordinatum
1129 1800 1258 1870 estquod
1285 1815 1380 1852 ornnes
1407 1811 1434 1852 et
1452 1797 1550 1868 singuli
1569 1799 1602 1851 de
1620 1799 1672 1852 bu·

510 1885 579 1956 gella
597 1884 747 1956 [tangentes
763 1903 810 1940 seu
829 1886 898 1956 Rupi
916 1885 1040 1940 iacientes
1058 1887 1161 1956 rugiam
1180 1887 1255 1956 placij
1275 1903 1290 1939 a
1309 1885 1407 1940 triuolo
1425 1885 1534 1939 inferius
1545 1886 1672 1956 usquead

511 1986 620 2043 pontem
638 1975 736 2027 toracie
753 1991 800 2027 seu
818 1975 943 2027 ducentes
961 1991 1058 2044 nquam
1076 1975 1109 2027 de
1127 1975 1196 2027 dicta
1209 1975 1296 2044 Rugia
1307 1986 1447 2028 teneantur
1459 1975 1601 2027 emendare
1613 1975 1674 2042 dap

511 2077 578 2114 num
596 2062 688 2114 datum
706 2078 800 2115 eorum
818 2078 894 2115 causa
913 2062 1041 2116 ocaxione
1059 2062 1128 2115 dicte
1146 2062 1280 2115 fractionis
1298 2079 1344 2115 seu
1363 2063 1472 2114 ducture
1490 2079 1580 2131 acque
1590 2073 1617 2114 et
1634 2077 1674 2114 ac·

511 2159 566 2200 tare
586 2149 657 2200 uiam
676 2166 722 2201 seu
741 2149 844 2201 canales
862 2166 891 2202 ac
910 2149 995 2217 dapna
1014 2150 1073 2202 data
1101 2151 1276 2218 predictarum
1303 2149 1428 2202 ocasione
1445 2161 1471 2201 et
1498 2161 1611 2218 prestare
1628 2165 1673 2201 se-

511 2235 649 2288 curitatem
667 2235 801 2306 ydonmm
820 2235 848 2288 in
875 2237 998 2288 manibus
1019 2237 1160 2289 consulum
1179 2237 1211 2289 de
1230 2236 1351 2306 predictis
1372 2235 1498 2290 omnibus
1516 2247 1543 2290 et
1560 2235 1673 2306 singuiis

511 2322 666 2375 atendendis
684 2333 711 2376 et
729 2321 839 2375 firmiter
859 2323 1039 2376 obseruendis.

549 2479 606 2533 327.
624 2465 693 2518 Item
710 2464 782 2534 quod
801 2463 1033 2534 quocienscunque
1060 2475 1150 2516 ortum
1169 2463 1246 2516 fixerit
1273 2463 1428 2518 incendium
1455 2465 1483 2517 in
1503 2463 1583 2534 plano
1601 2465 1672 2534 quod

512 2551 630 2605 Gisulfus
648 2552 681 2604 de
699 2552 770 2604 berta
789 2551 868 2604 rubea
886 2562 912 2603 et
930 2551 973 2619 aiij
995 2552 1040 2620 qui
1059 2567 1106 2620 pro
1125 2552 1287 2620 temporibus
1315 2553 1420 2604 stabunt
1447 2552 1492 2604 ubi
1520 2552 1575 2620 ipse
1603 2568 1675 2604 nnnc

511 2639 612 2693 habitat
628 2651 767 2692 teneantur
793 2635 913 2708 fi-angere
938 2639 1043 2708 rugiam
1070 2638 1254 2691 incontinenti.
1283 2650 1309 2691 et
1335 2640 1420 2708 ipsam
1447 2638 1557 2691 uoluere
1584 2629 1680 2690 uersus'

511 2725 629 2798 planum.
648 2737 674 2778 et
691 2725 737 2779 iile
754 2725 800 2796 qui
819 2724 952 2778 uuoluerit
969 2725 1003 2778 sit
1020 2724 1156 2778 absolutus
1174 2741 1189 2778 a
1208 2724 1333 2779 iaciendis
1352 2726 1469 2780 Guachis
1487 2737 1514 2779 et
1542 2725 1675 2778 laboribus

512 2813 692 2884 personalibus
710 2812 841 2866 comums.

550 2950 607 3022 328.
626 2952 694 3004 Item
711 2963 839 3005 statutum
857 2964 884 3005 et
910 2952 1062 3006 ordinatum
1084 2937 1130 3005 'est
1157 2953 1229 3022 quod
1256 2952 1344 3023 aliqua
1371 2969 1481 3022 persona
1508 2968 1564 3005 non
1583 2953 1676 3007 debeat

512 3039 615 3092 trahere
633 3040 737 3109 rugiam
756 3038 827 3108 plani
846 3039 953 3110 bugelle
970 3041 1004 3093 de
1021 3055 1071 3092 suo
1089 3041 1195 3110 proprio
1215 3040 1275 3092 loco
1294 3039 1427 3110 assignato
1445 3056 1491 3108 per
1517 3055 1632 3093 comune
1650 3053 1676 3094 et

512 3128 558 3199 qui
577 3144 637 3180 mm
656 3128 761 3180 traxerit
779 3128 812 3180 ad
830 3128 982 3181 ducendum
1000 3127 1062 3180 alibi
1081 3128 1169 3180 soluat
1185 3130 1304 3180 bannum
1323 3144 1370 3197 pro
1389 3127 1507 3198 quolibet
1525 3128 1676 3197 etqualibet

512 3216 569 3268 vice
587 3214 635 3270 sol.
654 3215 712 3268 XX.
731 3233 773 3286 pp.
792 3216 826 3268 Et
843 3216 889 3286 qui
907 3233 967 3268 eam
985 3217 1132 3268 abotauerit
1149 3215 1218 3267 intra
1236 3215 1331 3269 fossata
1350 3214 1421 3284 plani
1439 3216 1475 3269 ita
1488 3215 1560 3285 quod
1572 3227 1676 3287 spargat

512 3305 540 3356 in
561 3303 603 3356 via
620 3303 707 3357 soluat
726 3305 845 3356 bannum
864 3301 912 3356 sol.
932 3303 964 3356 11.
983 3320 1025 3374 pp.
1045 3320 1092 3373 pro
1111 3303 1230 3372 quolibet
1247 3316 1274 3356 et
1291 3303 1408 3373 qualibet
1425 3304 1490 3356 vice.
1509 3303 1542 3356 Et
1554 3303 1676 3356 consules

512 3405 651 3446 teneantur
669 3392 745 3445 omni
763 3406 835 3444 anno
855 3407 953 3460 ponere
971 3407 1055 3444 vnum
1073 3391 1211 3444 custodem
1230 3392 1362 3460 priuatum
1380 3390 1414 3443 ad
1432 3390 1580 3444 custodiam
1607 3391 1676 3444 dicte

513 3482 607 3551 Rugie
626 3481 660 3534 Et
677 3495 763 3533 unum
782 3479 917 3549 publicum
936 3479 981 3548 qui
1000 3479 1034 3532 sit
1051 3491 1156 3532 exactus
1183 3479 1349 3532 alaboribus
1378 3477 1481 3530 viarum
1509 3478 1631 3531 comunis
1649 3491 1675 3531 et

513 3568 640 3638 Guacbijs
652 3579 679 3620 et
691 3579 812 3620 teneatur
828 3582 955 3619 accusare.
969 3579 995 3619 et
1013 3567 1085 3636 quod
1104 3565 1220 3637 quelibet
1239 3581 1350 3634 persone
1369 3566 1401 3617 ab
1420 3577 1530 3634 utraque
1543 3577 1615 3634 parte
1632 3563 1675 3617 vie

512 3666 652 3710 teneantur
668 3667 695 3708 et
712 3655 825 3708 debeant
852 3666 942 3706 tenere
969 3665 1081 3706 actatam
1108 3664 1135 3705 et
1152 3654 1335 3706 remondatam
1354 3652 1390 3704 ita
1408 3652 1480 3723 quod
1498 3668 1554 3704 non
1572 3663 1677 3722 spargat

513 3743 541 3796 in
560 3743 631 3796 viam
649 3759 739 3795 coram
758 3741 881 3794 domibus
899 3741 961 3794 suis.
979 3741 1011 3794 ln
1029 3757 1095 3810 pena
1115 3751 1141 3792 et
1158 3739 1247 3792 banno
1266 3740 1314 3792 sol.
1333 3739 1365 3792 X.
1385 3756 1427 3808 pp.
1446 3756 1493 3810 pro
1512 3737 1631 3809 quolibet
1649 3751 1676 3790 et

513 3829 629 3901 qualibet
646 3831 711 3883 vice.
731 3841 757 3883 et
774 3828 965 3882 nichilominus
984 3839 1122 3881 teneantur
1140 3843 1199 3880 mm
1217 3827 1330 3880 reficere.
1349 3827 1390 3880 En
1404 3825 1526 3880 consules
1544 3842 1599 3880 non
1619 3841 1676 3895 pos·

511 3918 565 3971 sint
582 3919 643 3971 dare
661 3917 807 3970 licenciam.
827 3927 866 3970 set
883 3915 1004 3970 consules
1022 3927 1162 3969 teneantur
1179 3915 1319 3984 inquirere.

540 4195 567 4247 (ι)
582 4195 629 4234 iloc
643 4206 704 4248 super
716 4207 761 4247 cap.
775 4194 887 4246 eodemque
901 4193 962 4233 rubro
975 4193 1045 4234 colore
1059 4206 1082 4234 ac
1096 4193 1183 4232 initiales
1198 4193 1275 4241 literae,
1290 4189 1674 4245 scriptumesnttcccxtt.1·ac.x.

537 4268 570 4317 (2)
582 4267 615 4317 (ι)
627 4265 693 4304 Verba
712 4275 783 4317 postea
798 4265 884 4314 adjecta.

540 4336 567 4387 (3)
583 4335 638 4375 Haec
653 4347 675 4374 ac
690 4334 833 4387 subsequentia
847 4333 936 4373 rubricae
950 4345 994 4386 cap.
1010 4335 1129 4386 posterioris
1143 4343 1190 4372 sunt
1200 4334 1252 4382 aeri,
1263 4334 1393 4386 minimisque
1403 4332 1467 4372 literis
1478 4332 1588 4372 initialibus
1599 4341 1675 4372 carent.
