3978 5546
535 497 570 564 48

533 617 1701 692 uoemtx(1)pp.etperdapmnum.etbamnmetpmnnmpenmiatin

534 708 1288 780 eomunisetqnodnullushomodebeetdnrestum
1306 707 1447 764 lantmad
1465 705 1702 762 batandumnlicni

534 813 646 869 persone
663 813 716 868 qne
733 813 789 851 non
807 795 897 852 lecerit
923 797 1073 852 saluitatem
1099 815 1190 852 coram
1216 797 1370 852 contnliboe
1398 797 1472 868 qnod
1498 813 1555 850 non
1572 794 1703 850 labotnbit

534 883 651 956 aliquam
670 901 704 938 ex
721 883 844 955 predictis
861 883 929 938 lanis
947 885 1093 956 prohibitie
1112 898 1139 940 et
1165 885 1212 957 qui
1230 885 1259 939 in
1286 884 1377 956 aliquo
1407 882 1590 940 00an
1616 881 1703 938 soluat

535 973 654 1026 bannum
671 971 818 1044 predictum
836 984 863 1026 et
879 973 1016 1044 perueniat
1033 973 1062 1026 in
1081 990 1149 1043 pena
1166 973 1229 1028 dicti
1247 973 1346 1027 statuti.
1365 985 1392 1026 et
1409 971 1482 1044 quod
1493 970 1568 1026 nulla
1581 987 1702 1042 pesona.

534 1059 975 1115 veadntueluendereiaciatin
1008 1059 1114 1132 bugelln
1140 1057 1703 1131 necetiamtenereinmerentnbugelle

535 1165 662 1220 pannum
680 1149 712 1202 ln
730 1165 784 1222 quo
802 1148 837 1203 sit
854 1147 943 1221 aliqua
961 1165 994 1203 ex
1011 1149 1141 1220 predictis.
1160 1149 1193 1203 Et
1205 1149 1252 1220 qui
1270 1160 1362 1203 contro
1373 1149 1403 1202 in
1415 1147 1505 1220 aliquo
1516 1146 1608 1202 iecerit
1616 1145 1703 1202 soluat

535 1237 655 1292 bennum
673 1249 704 1292 ut
721 1253 799 1308 supra
816 1250 843 1291 et
860 1237 951 1307 perdet
969 1253 1089 1308 pennum
1106 1250 1134 1292 et
1151 1238 1288 1307 perueniat
1299 1237 1328 1290 in
1340 1235 1451 1290 comuni
1462 1247 1489 1290 et
1501 1235 1613 1308 quilibet
1621 1235 1704 1306 pouit

535 1343 582 1382 eoo
600 1341 721 1380 accusate
738 1337 766 1380 et
783 1325 943 1380 dmunciare
960 1337 987 1380 et
1005 1341 1097 1395 capere
1113 1342 1233 1396 pannum
1260 1325 1326 1380 dum
1344 1326 1427 1380 modo
1445 1325 1585 1396 consignet
1602 1339 1702 1378 mosu-

534 1415 604 1470 libus
622 1425 650 1468 et
666 1413 763 1468 habet
779 1428 855 1468 suem
875 1425 977 1484 partem
996 1413 1077 1467 banni
1094 1425 1122 1468 et
1138 1411 1644 1483 pannieteonmleetmeanoudictne
1660 1411 1703 1466 de·

535 1503 702 1558 nuncittotet
720 1513 747 1556 et
763 1513 924 1556 emtores
941 1514 1032 1556 tenere
1049 1502 1174 1572 priuatae
1192 1513 1220 1555 et
1231 1513 1323 1556 eontra
1336 1501 1428 1556 omnia
1437 1500 1553 1571 predicta
1562 1499 1702 1572 inquirere

573 1677 632 1732 252„
651 1661 719 1716 ltem
736 1671 866 1714 statutum
884 1661 1013 1732 estquod
1031 1659 1137 1714 nullum
1155 1659 1300 1730 collegium
1327 1660 1384 1714 siue
1407 1657 1553 1730 paratim
1570 1659 1653 1730 possit
1669 1658 1704 1712 le

537 1767 600 1804 nare
617 1749 735 1821 aliquem
752 1748 890 1804 consulem
908 1749 954 1820 qui
972 1764 1028 1803 non
1046 1750 1080 1802 sit
1097 1749 1132 1804 de
1149 1748 1255 1820 bugella
1272 1760 1299 1802 et
1316 1747 1448 1802 habitator
1474 1745 1588 1818 bogude.
1606 1747 1640 1802 Et
1657 1748 1703 1818 qui

537 1836 718 1893 contrafecerit
735 1837 821 1892 soluat
842 1837 961 1892 bannum
979 1853 1028 1908 pro
1046 1835 1164 1908 qualibet
1181 1837 1239 1890 vice
1256 1847 1283 1889 et
1300 1835 1420 1906 quolibet
1436 1833 1552 1905 collegio
1569 1834 1619 1890 tol.
1637 1833 1703 1890 XX.

539 1943 582 1998 pp.
600 1937 627 1980 et
644 1925 775 1997 predictus
792 1925 886 1980 consul
904 1936 1026 1980 cassetur.

573 2100 633 2156 ²53·
651 2084 719 2140 Item
737 2096 866 2139 statutum
884 2097 923 2138 est
941 2084 1014 2156 quod
1032 2083 1155 2138 eonsules
1173 2082 1296 2136 comunis
1313 2093 1454 2136 teneantur
1467 2080 1543 2136 omni
1555 2096 1628 2136 anno
1639 2091 1704 2135 tem·

539 2190 603 2245 pore
620 2189 674 2245 quo
692 2173 822 2244 recipiunt
839 2183 972 2242 seguertas
1000 2170 1093 2226 tacere.
1111 2171 1199 2226 lutare
1226 2171 1259 2225 ad
1277 2181 1366 2224 sanem
1393 2169 1435 2224 dei
1454 2169 1592 2242 euangelia
1610 2185 1705 2224 omnes

539 2261 661 2316 eonsules
679 2259 818 2314 cuiuslibet
838 2259 944 2331 collegii
964 2259 1022 2313 siue
1039 2258 1145 2330 peratici
1165 2259 1217 2314 loci
1236 2257 1341 2330 bugelle
1358 2258 1430 2330 quod
1449 2257 1498 2328 ipoi
1516 2256 1638 2312 consules
1655 2274 1705 2312 nec

539 2349 634 2422 aliquis
651 2347 770 2419 ipsomm
788 2348 821 2402 de
839 2347 954 2419 collegio
972 2359 1078 2402 utentur
1104 2346 1235 2420 aliquibus
1261 2347 1351 2402 statuti
1381 2346 1433 2402 nisi
1451 2346 1582 2416 aptobatis
1600 2363 1646 2416 per
1663 2361 1706 2400 co-

481 2433 484 2442 '
541 2455 623 2492 mune
641 2435 747 2508 bugelle
764 2448 790 2490 et
808 2435 931 2491 consula
948 2447 1088 2490 tenuentur
1117 2435 1201 2490 facere
1227 2433 1284 2490 fieri
1312 2451 1398 2490 unum
1424 2433 1522 2488 librum
1540 2433 1569 2488 in
1587 2449 1642 2506 quo
1659 2449 1704 2503 po-

540 2537 638 2580 uantur
655 2525 748 2578 omnia
765 2536 861 2580 statutt
889 2525 1065 2594 ponticorum
1092 2525 1270 2594 comprobata.
1289 2540 1335 2593 per
1364 2538 1480 2577 comune
1498 2534 1524 2576 et
1541 2521 1595 2576 hoc
1611 2519 1707 2575 intelli·

540 2625 617 2685 gutur
634 2613 707 2684 quod
725 2629 781 2668 non
799 2625 906 2667 utentur
922 2611 1055 2683 aliquibus
1072 2611 1176 2666 statutis
1195 2610 1238 2666 uel
1255 2609 1449 2666 ordinamentis
1466 2610 1512 2682 qui
1530 2609 1584 2664 sint
1615 2621 1707 2664 eontra

540 2702 673 2760 honorem
690 2713 718 2756 et
734 2700 875 2755 utilitatem
892 2700 1016 2755 comunis
1034 2698 1147 2770 bugelle-

575 2860 618 2930 (²)

578 3033 637 3088 254
656 3017 724 3072 ltem
742 3029 869 3072 statutum
887 3016 1017 3089 estquod
1035 3033 1130 3070 omnen
1147 3015 1296 3070 habitantes
1313 3025 1386 3070 extra
1415 3025 1503 3086 portes
1533 3013 1646 3086 bugelle.
1665 3013 1708 3070 dc·

542 3107 622 3161 beant
639 3105 723 3160 facere
744 3104 894 3160 saluritatem
911 3117 939 3159 et
956 3106 1045 3159 lurore
1062 3120 1196 3158 accussare
1224 3119 1319 3158 omnes
1346 3114 1498 3175 rumpentes
1516 3114 1543 3156 et
1569 3113 1708 3157 menantee

542 3193 646 3266 rugiam
664 3209 758 3266 propre
776 3192 880 3248 canales
897 3209 951 3264 per.
969 3204 1083 3264 quatuor
1100 3191 1218 3263 perticae
1238 3203 1264 3245 et
1282 3189 1407 3245 facientes
1425 3189 1534 3262 aliquod
1560 3189 1706 3262 dampnum

542 3281 621 3337 alicui
639 3281 683 3336 uel
701 3281 819 3336 comuni.
838 3292 864 3335 et
893 3281 965 3352 quod
993 3296 1049 3334 non
1077 3281 1247 3351 receptabunt
1265 3295 1314 3332 nec
1332 3289 1423 3332 ement
1448 3277 1557 3352 aliquod
1575 3278 1706 3333 buschum

543 3383 649 3442 coptum
667 3369 711 3423 uel
729 3380 863 3441 portatum
882 3384 928 3438 per
944 3367 1061 3439 aliquem
1079 3384 1228 3439 personam.
1239 3378 1265 3421 et
1277 3365 1299 3420 si
1312 3366 1422 3422 sinerint
1431 3365 1547 3438 aliquem
1557 3377 1705 3439 portentem

543 3458 586 3514 uel
599 3457 768 3529 accipientem
781 3455 824 3512 uel
837 3468 971 3510 ementem
983 3467 1056 3512 extra
1068 3469 1155 3527 portas
1168 3455 1274 3528 bugelle
1292 3457 1450 3510 accusabunt
1468 3455 1619 3510 consulibus
1636 3455 1707 3510 Infra

544 3548 614 3602 Vlll
633 3547 689 3601 dieo
707 3559 766 3617 post
785 3561 866 3616 quam
884 3545 995 3599 uiuerint
1011 3557 1038 3599 et
1056 3544 1177 3600 consulet
1195 3561 1273 3616 super
1290 3546 1333 3615 (3)
1351 3543 1405 3617 hijs
1414 3556 1553 3599 teneantur
1566 3544 1706 3616 inquirere.

579 3720 639 3775 255.
657 3705 725 3760 Item
744 3715 871 3759 sumtum
889 3704 1018 3774 estquod
1037 3703 1126 3758 nullus
1144 3703 1237 3758 oonsul
1256 3703 1367 3764 alicuius
1385 3703 1490 3776 collegii
1511 3703 1593 3776 possit
1611 3703 1706 3758 ducere

543 3792 659 3866 aliquem
677 3793 706 3846 in
724 3792 889 3847 credendam
907 3791 953 3863 qui
972 3807 1028 3845 non
1046 3791 1080 3845 sit
1097 3803 1216 3862 receptus
1234 3791 1264 3846 in
1281 3791 1458 3847 habitatorem
1487 3791 1593 3864 bugelle
1610 3791 1644 3846 Et
1661 3791 1707 3863 qui

544 3879 726 3936 controiecerit
743 3880 830 3935 solunt
847 3881 975 3934 bannum
994 3877 1043 3934 sol.
1061 3878 1127 3934 XX„
1146 3896 1188 3951 pp.

571 4106 599 4157 (t)
614 4105 744 4158 Pnepoeitne
757 4107 859 4160 posteriue
872 4114 904 4146 est
917 4118 1013 4147 annuens
1028 4105 1052 4146 l..
1066 4114 1127 4160 etque
1140 4105 1169 4146 ita
1181 4105 1207 4146 ud
1220 4105 1261 4147 eol.
1276 4105 1319 4146 LX.
1334 4105 1398 4147 multa
1411 4115 1470 4147 mete
1482 4115 1522 4147 eet.

572 4173 788 4286 qapal‘ltplgpemntur
801 4174 880 4217 sumta
893 4189 945 4231 quae
958 4178 1048 4218 numnis
1063 4187 1102 4230 ²5²
1115 4186 1136 4218 et
1149 4187 1188 4230 ²5³
1210 4178 1336 4228 omnemne,
1357 4188 1381 4218 ee
1400 4176 1456 4230 luta
1469 4177 1567 4232 enipeum
1587 4185 1632 4219 ute
1650 4175 1709 4220 hene

545 4259 604 4370 μδ)
617 4314 676 4357 νου
690 4315 727 4374 lljs
740 4315 809 4360 oddo
821 4326 853 4359 eet
866 4325 946 4376 poeta.
