3918 5554
485 451 537 506 252

523 573 563 628 13.
582 559 650 612 Item
668 559 741 629 quod
759 569 900 630 postquam
919 555 1022 612 Constrl
1048 555 1176 628 inceperit
1202 571 1329 626 arengare
1346 555 1432 609 douoe
1449 553 1546 608 dixerit
1562 553 1652 608 nullus

484 646 552 700 alius
570 646 664 700 debeat
681 646 776 711 dicere,
795 645 829 700 Et
846 645 893 716 qui
911 645 1095 700 contresaoerit
1105 644 1193 699 soluat
1204 659 1253 714 pro
1265 642 1383 714 qualibet
1394 642 1454 696 uiue
1470 642 1595 697 denarioe
1606 641 1652 696 VL

485 749 630 804 papienses

521 923 560 973 14.
580 907 651 963 Item
669 909 742 980 quod
761 907 893 962 Consules
921 908 997 962 omni
1026 923 1098 961 anno
1125 919 1266 960 teneamur
1293 905 1378 960 facem
1399 903 1531 960 munnam
1558 920 1653 958 eorum

483 995 636 1050 consulatus
654 995 817 1050 Consulibus
835 996 914 1050 nouis
941 1007 968 1049 et
995 995 1055 1066 alijs
1085 994 1182 1065 quibus
1208 995 1242 1047 de
1269 993 1394 1064 Collegio
1414 992 1562 1064 placebunt,
1581 993 1653 1046 luter

484 1095 606 1137 sanctum
625 1083 770 1138 Martinam
788 1095 815 1138 et
832 1083 999 1137 natiuitatem
1018 1082 1131 1136 domini.

521 1275 561 1328 ¹5·
580 1259 647 1312 Item
666 1259 738 1330 quod
757 1258 868 1329 quilibet
885 1259 918 1312 de
936 1258 1052 1330 paradeo
1070 1269 1210 1312 terreantur
1227 1257 1314 1311 dicere
1331 1257 1470 1312 veritatem
1483 1257 1538 1310 suis
1550 1256 1653 1312 Consu·

483 1346 552 1401 libus
570 1347 604 1401 de
621 1347 699 1402 rebus
716 1347 750 1401 de
767 1346 857 1401 officio
875 1346 991 1402 Sertorie
1008 1346 1252 1418 quocienscumque
1269 1363 1315 1417 per
1330 1345 1453 1400 eonsules
1470 1345 1549 1400 fiterit
1566 1347 1651 1398 iuter-

483 1448 591 1507 rogatus
609 1451 656 1506 per
672 1451 767 1490 eorum
785 1447 989 1490 sacramentum.

520 1609 561 1664 16.
579 1610 647 1664 Item
664 1609 738 1681 quod
756 1607 888 1664 Consules
905 1621 1045 1664 terreanmr
1062 1609 1139 1664 omni
1150 1609 1304 1664 aunointer
1320 1619 1442 1664 sanctum
1460 1607 1605 1664 Martinam
1624 1619 1651 1662 et

483 1715 585 1752 annum
603 1713 708 1752 nouum
726 1697 810 1752 lacere
828 1697 882 1770 legi
900 1698 992 1752 omniu
1010 1709 1106 1752 statuta
1124 1699 1152 1751 in
1171 1697 1252 1769 pleno
1270 1697 1403 1770 Collegio.

520 1889 560 1942 17.
579 1873 647 1926 Item
664 1873 738 1945 quod
756 1873 832 1927 omni
850 1889 923 1926 anno
941 1873 1074 1944 eligantur
1082 1884 1196 1943 quatuor
1206 1873 1240 1927 de
1252 1873 1461 1944 Sapientioribus
1475 1871 1590 1943 collegii
1604 1871 1650 1942 qui

483 1977 545 2015 cum
564 1960 728 2016 Consulibus
746 1962 859 2017 debeam
877 1961 1018 2016 meliorare
1035 1973 1140 2016 statuta.

521 2138 560 2191 18.
579 2137 648 2191 Item
665 2137 739 2209 quod
758 2136 889 2191 Consules
907 2137 984 2190 omni
1002 2137 1162 2205 annointer
1179 2149 1300 2192 sanctum
1319 2135 1464 2191 Martinam
1482 2149 1509 2192 et
1528 2149 1652 2192 sanctum

482 2225 617 2280 Andream
636 2237 775 2279 teneantur
793 2224 877 2278 lacere
894 2226 975 2295 jurari
993 2224 1148 2279 saluetatem
1167 2226 1293 2279 omnibus
1311 2226 1491 2279 laborantibus
1509 2227 1543 2279 de
1561 2225 1652 2278 officio

480 2313 597 2367 sartorie.
616 2313 650 2367 Et
667 2314 714 2385 qui
732 2315 819 2384 jurare
837 2311 951 2365 uoluerit
968 2311 1124 2366 saluetatem
1142 2312 1232 2366 nullus
1251 2313 1318 2366 alius
1336 2325 1420 2366 sartor
1438 2313 1532 2366 debeat
1552 2313 1577 2366 ei
1589 2314 1653 2366 dare

482 2399 610 2466 laborem,
628 2403 677 2455 sub
696 2403 786 2456 banno
804 2399 962 2466 solidorum,
980 2401 1096 2456 duorum
1116 2401 1281 2472 papiensium
1294 2417 1342 2471 pro
1360 2401 1477 2472 qualibet
1494 2401 1539 2454 die
1556 2417 1608 2472 qua
1626 2401 1651 2454 ei

483 2488 556 2542 daret
574 2489 701 2543 laborem.

522 2677 564 2734 19·
583 2662 652 2718 Item
670 2664 743 2734 quod
761 2663 853 2718 omnia
871 2663 959 2716 banna
976 2663 1044 2717 iuste
1062 2675 1088 2718 et
1107 2663 1296 2719 rationabiliter
1325 2663 1391 2718 facta
1410 2675 1437 2718 et
1455 2679 1502 2734 per
1519 2661 1651 2718 Consules

484 2751 608 2822 imposita
627 2751 737 2806 firmiter
758 2753 939 2806 obseruentur.

518 2943 560 2984 20.
579 2931 648 2984 Item
665 2929 738 3001 quod
756 2929 779 2983 si
797 2930 856 3001 quis
874 2930 992 3000 predicto
1010 2929 1135 3001 Collegio
1153 2929 1231 2984 luent
1249 2930 1405 2984 inobediens
1433 2942 1525 2984 contra
1556 2941 1652 2984 statuta

483 3019 625 3088 approbata
644 3035 690 3089 per
708 3018 833 3072 Comum
850 3018 923 3090 quod
941 3019 1093 3072 extrahatur
1109 3020 1143 3072 de
1167 3017 1291 3090 Collegio
1309 3031 1336 3072 et
1353 3018 1440 3072 soluat
1459 3019 1546 3072 banna
1564 3017 1654 3090 primo

482 3105 532 3158 sibi
551 3105 675 3178 imposita
693 3121 742 3160 nec
760 3105 868 3160 ulterius
886 3106 1025 3177 recipiatur
1051 3107 1080 3160 iu
1108 3105 1232 3177 Collegio
1259 3106 1345 3160 donec
1363 3106 1442 3177 plene
1459 3106 1608 3161 obediuerit
1625 3117 1653 3160 et

481 3191 633 3248 satisfecerit
650 3193 684 3248 ad
703 3193 871 3248 uoluntatem
889 3193 1015 3265 Collegij.

517 3383 561 3424 21.
580 3369 649 3423 item
667 3370 740 3441 quod
757 3367 848 3423 nullus
866 3368 911 3422 det
924 3367 1075 3424 Consilium
1088 3385 1138 3423 nec
1150 3369 1289 3424 Auxilium
1302 3370 1443 3425 rebellibus
1452 3369 1515 3424 dicti
1534 3369 1650 3441 Collegi]

483 3457 516 3510 Et
535 3457 581 3528 qui
600 3457 782 3512 contrafecerit
799 3456 887 3510 soluat
904 3471 952 3526 pro
971 3457 1060 3512 banno
1078 3458 1178 3511 solidos
1196 3458 1228 3511 V.
1247 3459 1421 3530 papiensium.
1450 3459 1484 3512 Et
1510 3459 1556 3529 qui
1581 3475 1652 3513 recu·

481 3544 580 3598 sauerit
597 3546 748 3600 extrahatur
765 3545 799 3598 de
818 3541 942 3614 collegio
960 3557 1100 3617 postquam
1119 3546 1144 3598 ei
1163 3559 1315 3616 preceptum
1333 3546 1419 3600 fuerit

521 3737 563 3776 22.
582 3724 650 3777 item
668 3722 741 3795 quod
760 3723 888 3778 medietas
914 3723 1039 3778 omniurn
1069 3724 1219 3778 bannorum
1246 3723 1280 3778 sit
1308 3722 1459 3779 Consulum
1486 3735 1513 3778 et
1539 3723 1591 3778 alia
1617 3722 1652 3778 sit

485 3810 549 3864 dicti
567 3809 692 3882 Collegij.

518 4002 560 4056 23.
578 3987 647 4040 Item
666 3987 738 4058 quod
756 3987 779 4040 si
797 3987 856 4057 quis
874 3987 1007 4041 inuenerit
1025 3987 1124 4059 aliquid
1137 3987 1209 4059 quod
1222 3987 1350 4058 pertineat
1362 3988 1395 4042 ad
1404 3987 1524 4043 officium
1542 3989 1652 4044 sartone

479 4085 600 4128 teneatur
617 4086 644 4127 et
661 4073 754 4128 debeat
772 4073 840 4128 Illud
858 4075 1015 4145 consignare
1028 4074 1190 4129 Consulibus
1202 4087 1333 4128 sartorum
1347 4075 1390 4129 uel
1405 4076 1530 4146 Collegio
1542 4089 1568 4130 et
1581 4077 1651 4147 apud

480 4178 526 4215 eos
544 4163 677 4230 deponere
694 4162 717 4214 si
735 4162 773 4214 eis
792 4162 925 4232 placuerit.
945 4163 977 4214 Et
996 4163 1041 4231 qui
1060 4162 1241 4216 contrafecerit
1264 4164 1350 4216 soluat
1379 4181 1426 4234 pro
1456 4165 1573 4235 qualibet
1592 4165 1651 4218 uice

483 4266 532 4318 pro
551 4250 639 4301 banno
658 4248 758 4302 solidos
777 4248 809 4301 V.
828 4249 1002 4319 papiensium.
