3918 5554
675 616 786 670 Iacobus
804 615 869 684 juris
887 615 1023 686 utriusque
1041 614 1134 668 doctor
1153 613 1170 667 t.
1189 614 1317 668 Iohannis
1335 613 1458 683 Gosparis
1476 612 1626 666 Bertoduni.

674 703 790 756 Annibal
810 702 827 756 l.
846 702 977 758 Iohannis
994 702 1124 756 Francisci
1143 703 1176 756 de
1194 701 1424 773 Frichignonibus.

674 791 837 845 Gulliermus
855 790 872 844 t.
890 791 998 845 Andree
1015 791 1049 844 de
1067 789 1183 845 Gromis.

672 879 806 933 lohannes
823 878 958 932 Antonius
976 878 1061 933 Fecia.

673 967 825 1020 Franciscus
843 967 876 1020 de
895 965 1015 1020 Villnnis.

671 1054 805 1108 Iohannes
823 1054 955 1126 Georgius
973 1053 990 1108 t.
1010 1053 1153 1126 Augustini
1172 1055 1206 1109 de
1224 1053 1310 1107 Turre
1327 1053 1419 1106 aetius
1437 1069 1570 1106 annorum
1588 1065 1658 1106 octo.

673 1141 823 1210 Stephanus
840 1141 857 1195 i
877 1141 1039 1196 Bartolomei
1056 1143 1090 1196 de
1108 1141 1230 1206 Villanis,
1248 1159 1291 1194 an.
1309 1153 1379 1195 octo.

613 1281 615 1287 .
671 1229 831 1284 Gullielmus
850 1228 867 1282 s.
886 1245 911 1300 q.
931 1229 1040 1283 Gerardi
1059 1229 1162 1284 Scallie.

671 1315 810 1386 Truyunus
829 1314 845 1369 f.
865 1316 965 1387 Georgi
983 1317 1017 1370 de
1035 1317 1144 1372 Gromis
1161 1335 1204 1372 an.
1224 1318 1325 1370 decem.

669 1403 802 1458 Fubslcius
821 1400 838 1455 f.
857 1403 987 1457 Francisci
1006 1404 1040 1457 de
1057 1404 1163 1458 Putheo
1181 1404 1296 1458 Comitis
1315 1404 1474 1458 Ponderani.
1517 1444 1522 1454 .

667 1490 801 1544 Iohannes
818 1490 929 1544 Iacobus
946 1489 964 1544 i
983 1492 1096 1546 Antonii
1115 1492 1240 1546 Cabanie.

671 1577 821 1631 Franciscus
840 1575 857 1630 f.
876 1579 989 1631 Antonii
1007 1580 1040 1633 de
1059 1579 1189 1634 Funtono.

666 1664 799 1718 lohannes
817 1663 918 1735 Gnspur
935 1665 952 1719 f.
971 1683 997 1736 q.
1016 1667 1146 1720 Francisci
1164 1667 1299 1738 Tollegni.

666 1751 816 1805 ludovicus
834 1753 868 1806 de
886 1753 991 1808 Rondo.

665 1839 822 1893 Vincentius
841 1840 940 1895 Cruda.

665 1926 814 1997 Stephanus
831 1926 849 1981 i
868 1929 975 1982 Aodree
993 1931 1027 1984 de
1042 1930 1163 1996 Cutellis,
1181 1947 1223 1986 an.
1242 1949 1349 1989 noveru.

662 2015 788 2068 Nicolsus
806 2014 822 2068 i
842 2017 954 2070 Antonii
973 2018 1092 2072 Mauricii
1111 2019 1260 2074 Benodani.

524 2171 599 2240 1560.
619 2188 659 2225 ra.
679 2174 806 2243 lorrirarij.

556 2261 587 2312 ln
605 2260 707 2331 collegio
724 2261 768 2314 truc
785 2261 824 2314 die
841 2270 990 2333 congregato
1008 2264 1112 2317 adnuissi
1122 2266 1231 2336 suerunt
1261 2268 1425 2342 infrascripti.
1456 2271 1530 2340 (Vide
1561 2279 1681 2326 statutum

517 2356 595 2418 supra
615 2347 648 2400 ud
666 2351 749 2418 uteru).

660 2437 774 2506 Baptista
793 2438 826 2491 de
846 2438 977 2491 Ferrariis.

661 2523 812 2578 Banolinus
829 2526 862 2579 de
881 2526 1014 2580 Vercellis.

659 2610 793 2666 Antonius
810 2613 844 2666 de
862 2613 954 2667 Turre.

657 2699 806 2754 leronimus
824 2701 857 2754 de
875 2701 1009 2756 Battiunis.

658 2787 752 2840 Nicoln
771 2788 903 2842 Lavezini.

518 2925 591 2995 1560.
612 2944 649 2979 12.
670 2929 797 2998 Iurruurij.

622 3015 770 3069 Bertolinus
789 3017 805 3070 f.
825 3035 850 3088 q.
869 3019 1016 3088 spectabilis
1044 3022 1147 3075 domini
1175 3025 1291 3078 Nicolini
1321 3028 1355 3080 de
1373 3028 1499 3082 Vercellis
1517 3033 1550 3084 de
1569 3031 1678 3103 Bugella

587 3111 654 3155 rrotut
673 3107 830 3175 receptiorem
847 3125 919 3159 sirum
937 3107 1032 3179 dequo
1050 3121 1135 3180 supro.

515 3259 589 3328 1560.
609 3277 648 3313 12.
669 3264 796 3333 Iarruarr'j.

615 3350 771 3420 leronymus
790 3352 806 3405 l.
825 3371 850 3424 q.
870 3355 966 3408 nobilis
985 3357 1088 3410 domini
1107 3361 1240 3428 augustini
1270 3363 1383 3417 Buttiuni
1403 3365 1436 3418 de
1464 3367 1573 3437 Bugella
1605 3377 1673 3422 notat

580 3440 736 3508 receptionem
754 3458 826 3494 suam
843 3442 872 3494 dc
890 3461 938 3514 quo
957 3455 1042 3515 snpra.

511 3575 585 3644 1560.
605 3594 643 3630 12.
664 3579 790 3649 Iarruurij.

615 3666 709 3719 Nicoln
728 3668 840 3722 lauezini
860 3677 928 3722 notat
948 3677 1104 3744 receptionem
1123 3694 1195 3728 suom
1215 3685 1242 3740 rut
1260 3691 1344 3750 supro.

510 3837 584 3890 1575.
606 3839 648 3890 25.
668 3825 811 3896 Februarij.

541 3910 620 3963 Electr'
630 3912 738 3981 suerunt
757 3914 921 3985 infrascripti.
941 3917 1016 3984 (Vite
1033 3927 1154 3974 statutum
1173 3933 1249 3994 supra
1268 3926 1301 3978 od
1318 3931 1400 3998 unis).

646 3998 771 4054 Tomeno
790 4001 936 4056 Rossolate.

645 4086 753 4140 Incomo
772 4087 878 4142 Rondo.

648 4172 796 4228 Tommuso
814 4177 979 4248 Passoluqua.

645 4259 707 4314 Gio.
727 4260 816 4315 Toma
835 4263 965 4319 Crosetto.
