3978 5546
557 523 590 596 38

554 646 630 718 plncij
651 646 694 699 uel
707 645 786 716 plnnl
799 647 833 700 Et
845 645 891 718 qui
903 646 1083 702 contrafecerit
1095 647 1181 701 soluot
1193 663 1241 718 pro
1254 648 1372 720 quolibet
1387 661 1413 703 et
1425 649 1542 721 qualibet
1554 649 1613 704 uice
1624 650 1673 704 sol
1683 651 1717 708 V.

554 751 596 804 pp.
614 733 649 788 Et
666 733 787 788 consules
805 749 860 787 non
878 735 979 805 possint
996 735 1058 788 dure
1076 733 1222 790 licenciam

588 889 648 928 ror.
666 875 734 928 Item
752 887 879 930 stetumm
898 877 1025 947 estquod
1044 875 1133 928 nullus
1151 875 1184 928 de
1196 875 1301 946 bugella
1312 876 1406 931 debeat
1416 877 1603 932 teneretrabes
1615 877 1716 951 aliquas

552 980 598 1033 per
615 962 733 1032 platheas
750 963 825 1034 placij
846 963 889 1016 uel
908 962 979 1033 plani
998 962 1103 1032 bugelle
1120 961 1188 1016 ultra
1205 980 1307 1016 annum
1325 981 1418 1018 unum.
1431 965 1464 1019 Et
1476 966 1522 1036 qui
1533 965 1716 1022 contrafecerit

550 1050 636 1104 solunt
655 1051 772 1104 bannum
792 1051 840 1104 sol.
859 1051 916 1104 XX.
936 1068 978 1120 pp.
997 1051 1030 1104 Et
1048 1051 1070 1104 si
1088 1050 1183 1121 aliquis
1212 1065 1389 1123 conqueretur
1405 1053 1478 1124 quod
1496 1052 1583 1124 aliquo
1601 1057 1671 1108 trabs
1688 1057 1713 1110 ei

550 1150 664 1192 noceret
684 1139 754 1209 quod
773 1138 895 1192 consules
914 1153 1052 1193 teneantur
1070 1138 1151 1192 dictas
1168 1139 1253 1192 trabes
1265 1138 1350 1192 facere
1361 1139 1465 1194 aufferri
1483 1139 1551 1194 infra
1568 1154 1630 1196 octo
1648 1143 1712 1197 dies.

584 1297 730 1352 renitent
748 1309 875 1352 statuum
894 1297 1023 1369 estquod
1045 1297 1133 1368 aliqua
1161 1313 1272 1368 persono
1301 1313 1358 1350 non
1375 1298 1457 1368 possit
1487 1299 1603 1353 uendere
1628 1298 1711 1354 salem

549 1384 580 1437 in
598 1385 642 1438 die
659 1385 728 1439 iouis
746 1385 775 1438 in
793 1386 961 1455 portucubus
980 1401 1029 1437 nec
1047 1401 1125 1454 super
1141 1385 1259 1438 comuni.
1278 1401 1327 1437 nec
1345 1384 1373 1437 in
1392 1385 1503 1456 platheis
1530 1386 1581 1439 nisi
1599 1385 1644 1439 ubi
1671 1399 1711 1442 est

546 1472 639 1525 saleria
657 1473 780 1526 comunis
797 1473 846 1526 sub
864 1483 934 1526 tecto
952 1472 1110 1525 mercandie
1129 1472 1162 1525 Et
1180 1473 1225 1542 qui
1244 1471 1425 1526 contrafecerit
1436 1472 1523 1526 soluat
1534 1489 1582 1543 pro
1594 1473 1710 1544 qualibet

547 1560 606 1614 uice
623 1559 671 1614 sol.
691 1560 748 1613 l'X.
768 1561 810 1630 (r)
829 1576 871 1631 pp.
890 1561 941 1613 nisi
959 1571 1026 1614 esset
1044 1573 1173 1614 mercator
1191 1559 1224 1612 de
1242 1558 1305 1612 foris
1322 1560 1369 1630 qui
1386 1561 1513 1614 uenderet
1524 1560 1608 1631 ipsam
1625 1560 1708 1615 salem

545 1647 574 1700 in
592 1663 654 1701 saco
681 1647 713 1701 ad
732 1659 862 1718 quartoro.
882 1659 908 1701 et
925 1664 941 1701 a
959 1659 1119 1718 quatturono
1146 1663 1230 1718 supra.
1261 1647 1303 1717 (2)
1331 1659 1358 1701 et
1383 1648 1504 1701 consules
1533 1664 1589 1702 non
1608 1649 1709 1720 possint

543 1735 605 1789 dare
623 1734 758 1790 licentiam
776 1747 816 1790 set
833 1747 957 1790 tenentur
974 1735 1106 1807 inquirere
1124 1736 1167 1805 (2)

578 1907 637 1964 203.
657 1894 699 1964 (3)
717 1894 785 1948 Item
803 1906 930 1948 statutum
948 1894 1078 1965 estquod
1095 1891 1184 1946 nullus
1202 1891 1286 1946 homo
1305 1891 1397 1946 debent
1413 1892 1457 1946 uel
1469 1905 1602 1964 presumat
1613 1909 1706 1949 muare

541 1981 585 2034 uel
604 1998 694 2051 sapore
712 1982 780 2036 iustu
797 1982 964 2052 pulmentum
983 1981 1056 2052 plani
1074 1997 1155 2051 prope
1173 1980 1260 2050 ipsum
1279 1996 1331 2032 uno
1349 1980 1446 2050 pertica
1470 1995 1486 2034 a
1504 1993 1576 2050 parte
1602 1997 1705 2036 uorsus

542 2068 659 2139 planum.
678 2069 711 2124 Et
729 2069 775 2142 qui
793 2069 974 2122 contrafecerit
991 2068 1077 2122 soluat
1095 2069 1213 2122 bannum
1231 2066 1280 2120 sol.
1298 2066 1378 2138 pr.
1391 2079 1417 2122 et
1428 2067 1494 2122 illud
1506 2068 1578 2138 quod
1592 2068 1705 2123 ibiesset

539 2157 686 2226 plantatrun
705 2156 859 2210 destruatur.

574 2313 634 2363 204.
654 2298 696 2366 (3)
714 2297 782 2351 ltem
800 2309 928 2351 statutum
947 2308 986 2350 est
1004 2296 1116 2368 quodsi
1134 2313 1186 2367 qur
1204 2311 1315 2366 persona
1341 2295 1504 2350 uanuiuerit
1531 2296 1598 2350 ultra
1617 2296 1703 2367 palen·

537 2397 594 2439 cota
612 2385 669 2439 siue
687 2386 831 2440 claussuras
849 2384 936 2439 soluat
956 2385 1074 2438 bannum
1092 2383 1132 2438 sol
1151 2384 1208 2437 XX.
1228 2400 1270 2454 pp.
1289 2383 1322 2436 de
1340 2383 1391 2437 die.
1410 2395 1437 2437 et
1455 2385 1488 2438 de
1497 2397 1576 2438 nocte
1587 2385 1635 2439 sol.
1646 2386 1701 2440 XL.

537 2489 585 2544 pro
603 2473 720 2545 qualibet
738 2475 804 2528 uice.
822 2473 856 2528 Et
874 2472 984 2544 quilibet
1002 2472 1073 2542 posit
1091 2487 1231 2525 accusstre

572 2647 631 2702 205.
651 2633 718 2686 Item
731 2645 858 2687 statutum
870 2630 992 2702 estquod
1006 2629 1095 2683 nullus
1107 2629 1199 2684 debent
1217 2646 1316 2699 ponere
1334 2643 1461 2684 strumum
1482 2630 1509 2684 in
1528 2629 1578 2684 viis
1591 2633 1701 2702 publicis

539 2737 628 2774 causst
648 2720 759 2774 faciendi
787 2721 912 2774 letrnum.
931 2721 964 2772 Et
982 2719 1027 2791 qui
1055 2717 1236 2771 contrafecerit
1253 2719 1339 2772 soluat
1358 2720 1475 2772 bannum
1493 2719 1593 2773 solX.
1612 2722 1699 2790 (1)et

534 2808 606 2878 quod
625 2808 747 2861 consules
777 2819 916 2860 teneantur
943 2807 1074 2878 inquirere
1101 2806 1204 2876 quoties
1231 2804 1309 2858 fuerit
1335 2807 1373 2859 eis
1391 2807 1584 2861 denuntiatum.
1604 2808 1647 2861 uel
1665 2810 1698 2862 ad

534 2911 627 2950 eorum
647 2895 796 2966 peruenerit
819 2895 954 2948 noticiam.

568 3052 627 3108 206.
646 3055 715 3107 Item
733 3066 860 3108 statutum
881 3065 920 3107 est
938 3053 1009 3124 quod
1027 3052 1115 3123 aliqua
1133 3067 1243 3122 persona
1261 3051 1382 3106 habitens
1400 3053 1428 3105 in
1457 3052 1562 3124 bugella
1580 3069 1635 3108 non
1654 3055 1697 3109 de·

531 3141 591 3194 beet
609 3158 708 3211 ponere
726 3141 818 3196 fenum
837 3141 879 3194 uel
898 3140 985 3211 palens
1012 3141 1040 3192 in
1067 3139 1154 3210 aliqua
1182 3140 1265 3193 domo
1294 3155 1340 3209 per
1357 3139 1416 3192 XV.
1434 3141 1513 3210 pedes
1530 3157 1581 3194 nec
1598 3141 1695 3212 paliure

530 3245 613 3298 prope
632 3230 745 3283 domum
764 3229 808 3282 ubi
827 3228 873 3282 fiat
891 3229 960 3298 ignis
978 3244 1027 3281 nec
1045 3244 1126 3298 prope
1144 3226 1217 3280 uiam
1235 3225 1367 3297 publicam
1386 3244 1431 3297 per
1448 3227 1481 3280 X.
1500 3229 1586 3298 pedes
1614 3229 1648 3284 Et
1665 3231 1693 3284 in

529 3333 585 3388 quo
603 3318 695 3370 medio
713 3318 747 3369 sit
765 3333 857 3370 murus
875 3317 926 3369 nisi
945 3329 1011 3368 esset
1029 3331 1119 3368 caussa
1137 3315 1249 3368 nciendi
1267 3314 1374 3368 lectum.
1392 3315 1427 3368 Et
1443 3315 1492 3386 qui
1513 3317 1694 3372 contrufecerit

527 3404 615 3458 solunt
626 3421 674 3475 pro
692 3403 812 3475 quolibet
830 3415 856 3455 et
874 3403 990 3473 qualibet
1007 3401 1065 3455 vice
1082 3401 1130 3457 sol.
1143 3403 1201 3456 XX
1214 3403 1248 3456 Et
1261 3401 1471 3456 nichilhominus
1483 3415 1603 3458 tenentur
1611 3405 1693 3460 dictas

528 3493 615 3561 poleos
633 3504 659 3544 et
677 3491 769 3545 fenum
788 3501 926 3561 asportare.
945 3490 979 3544 Et
1006 3489 1127 3544 consules
1159 3501 1299 3543 teneantur
1325 3489 1457 3559 inquirere
1475 3503 1501 3544 et
1518 3509 1649 3546 recerrare
1666 3504 1693 3547 et

526 3579 628 3650 lnquiri
647 3593 673 3634 et
692 3579 815 3633 recercori
834 3577 918 3630 facere
936 3579 1176 3648 quocienscumque
1194 3578 1232 3631 eis
1250 3577 1434 3632 denuntiatum
1453 3577 1537 3632 fuerit

562 3738 620 3792 2⁰7·
640 3724 707 3776 ltem
735 3733 861 3776 statutum
880 3721 1009 3792 estquod
1035 3718 1124 3773 nullus
1150 3719 1196 3790 qui
1223 3719 1300 3773 ducat
1328 3719 1409 3772 boues
1426 3736 1489 3773 curn
1506 3719 1622 3790 pintuuo
1640 3739 1689 3776 nec

524 3827 587 3864 cum
604 3811 692 3881 aliqua
710 3811 761 3864 alia
772 3828 799 3863 re
809 3825 946 3881 quousque
964 3808 1075 3861 exiuerit
1093 3808 1207 3878 burgum
1225 3807 1318 3862 debett
1329 3808 1469 3862 excudere
1482 3807 1627 3877 plaustrum
1639 3827 1688 3864 nec

525 3899 607 3952 etiem
625 3898 714 3968 alique
732 3898 783 3951 alin
801 3914 912 3967 persona
930 3897 1024 3951 debeat
1042 3895 1181 3949 escendere
1199 3911 1294 3966 equam
1313 3895 1415 3948 mulam
1434 3911 1468 3948 ne
1479 3895 1687 3965 aliquamslinm

523 3985 634 4040 bestium
651 3985 702 4039 nisi
721 3985 816 4038 habeat
834 3984 938 4038 frenum
957 3983 1001 4038 uel
1019 3982 1149 4037 bretolam
1166 3983 1196 4036 ln
1215 3998 1262 4036 ore
1279 3995 1306 4036 et
1323 3982 1375 4036 hoc
1393 3981 1556 4054 intelligatur
1582 3995 1686 4039 tuntum

546 4193 579 4246 (ι)
592 4190 707 4234 Numerus:
722 4191 776 4233 XX:
791 4192 839 4234 loco
853 4193 906 4235 alins
920 4193 986 4236 ebraei
1000 4195 1087 4249 scriptus
1101 4203 1140 4234 est.

545 4263 578 4317 (a)
593 4263 620 4315 (ι)
634 4263 728 4316 Adiectio
741 4265 851 4317 portemur.

547 4334 575 4386 bl
586 4331 647 4388 lum
660 4345 705 4388 erp·
720 4344 766 4388 ιο).
780 4343 801 4376 et
815 4345 862 4386 ²⁰⁴·
876 4335 973 4388 scriptum
986 4343 1032 4375 est:
1046 4341 1108 4374 wat.
