3978 5546
1380 424 1411 478 17

281 533 323 604 83.
343 535 410 588 Item
428 545 557 588 stannum
574 535 703 605 estquod
721 532 795 588 nulia
813 549 924 603 persona
943 533 1036 586 debeat
1053 531 1097 586 uel
1116 543 1249 602 presumat
1266 531 1304 584 ire
1322 532 1355 585 ad
1373 549 1404 586 ac

245 622 397 691 cipieudum
416 607 512 692 panem
532 621 702 676 benedictum
719 622 826 693 quaudo
845 621 1008 675 benedicitur
1027 619 1072 674 uel
1099 619 1236 674 ordinatur
1254 637 1301 690 per
1318 621 1413 690 presbi-

244 720 314 764 teros
332 709 376 763 uei
394 710 536 764 canomcos
563 727 596 762 ea
623 721 695 780 parte
722 709 850 780 superiori
877 709 1063 762 descendendo
1082 725 1127 778 per
1146 707 1294 778 graticuias.
1314 708 1412 778 Ecqui

245 796 426 852 contrafecerit
443 797 530 852 solum
549 798 667 852 bannum
686 813 734 868 pro
753 797 872 868 quolibet
889 809 915 850 et
933 795 1052 868 qualibet
1069 796 1127 850 uice
1146 797 1235 848 denar.
1254 794 1312 849 xil.
1332 812 1374 866 pp

281 936 323 1002 84.
341 937 409 990 item
427 949 555 992 statutum
574 949 612 991 est
631 937 703 1008 quod
721 937 794 991 nulla
813 953 924 1008 persona
948 937 1041 990 debeat
1060 935 1144 989 iacere
1163 951 1307 988 rumorem.
1327 951 1413 1007 neque

245 1037 386 1094 percutere.
405 1041 492 1097 neque
509 1025 613 1080 trahere
630 1025 747 1106 aliquem
766 1026 808 1096 (r)
827 1041 875 1096 pro
902 1025 1000 1080 solacio
1019 1026 1104 1079 donec
1123 1023 1241 1078 officium
1260 1024 1412 1079 celebratur.

244 1113 342 1186 Ecqui
360 1112 543 1168 contrafecerit
559 1113 647 1168 soluat
665 1115 785 1168 bannum
803 1113 852 1168 sol.
871 1115 904 1168 ΙΙ,
922 1131 965 1186 pp.

175 1274 182 1287 ·
280 1255 322 1324 85.
341 1255 408 1310 item
427 1265 554 1310 stamturu
573 1255 703 1326 estquod
729 1253 840 1326 quilibet
867 1255 993 1310 dominus
1011 1254 1108 1310 domus
1135 1267 1257 1310 teneatur
1275 1268 1301 1310 et
1319 1257 1414 1310 debeat

244 1343 283 1398 ire
300 1343 333 1398 ad
351 1343 467 1415 psalmos
485 1343 578 1414 uigilis
596 1343 764 1398 ascensionis
784 1343 867 1398 sancti
885 1343 975 1416 Marcii
996 1344 1039 1414 (a)
1058 1344 1140 1398 sancti
1161 1343 1290 1415 Mauricij.
1309 1345 1413 1408 etQui-

245 1431 291 1486 rici
310 1433 375 1486 dum
394 1431 472 1486 fuerit
484 1431 526 1486 uel
537 1431 630 1486 mirere
643 1431 818 1488 sufficientoen
831 1433 960 1486 nuncium
973 1431 1077 1505 proprie
1089 1433 1122 1486 de
1135 1433 1218 1486 domo
1230 1448 1277 1486 sua
1289 1432 1413 1487 habendo

245 1537 268 1575 a.
287 1519 345 1575 XX.
364 1519 441 1574 annis
459 1521 586 1591 superius.
605 1533 631 1574 et
648 1521 773 1574 habendo
801 1519 887 1591 primo
915 1520 1054 1574 licenciam
1081 1519 1268 1574 aconsulibus
1289 1521 1322 1574 de
1341 1521 1413 1576 dicti.

244 1609 349 1664 nunciis
367 1607 500 1662 mitendis
531 1608 564 1662 Et
590 1609 637 1680 qui
655 1607 836 1663 contrafecerit
854 1608 941 1663 soluat
960 1625 1009 1679 pro
1038 1607 1158 1680 quolibet
1176 1620 1202 1662 et
1220 1609 1337 1680 qualibet
1355 1609 1413 1664 uice

244 1697 292 1751 sol.
312 1697 344 1750 11.
363 1713 405 1768 pp.
425 1695 459 1750 Et
476 1693 594 1768 officiarii
615 1709 754 1750 teneantur
772 1707 863 1751 contra
882 1695 997 1767 predicta
1017 1713 1146 1750 accusare.

279 1837 322 1892 86.
340 1837 408 1892 itcrn
426 1849 554 1892 staturum
573 1850 613 1892 eat
630 1838 703 1909 qued
720 1837 843 1892 consules
861 1849 1002 1892 terreantur
1019 1837 1118 1908 eligere
1137 1835 1214 1892 omui
1231 1853 1303 1892 armo
1322 1839 1365 1908 (9)
1380 1839 1414 1892 de

245 1942 351 1980 mensse
369 1925 431 1997 maij
452 1938 565 1998 quatuor
583 1925 707 1980 homines
725 1926 758 1980 ad
777 1925 958 1996 recipiendum
976 1925 1108 1980 rationem
1125 1923 1271 1999 hospitalis

282 2067 323 2134 87.
343 2065 411 2120 item
431 2077 558 2120 statutum
577 2077 616 2119 est
634 2067 705 2137 quod
725 2065 847 2120 consules
866 2081 920 2120 non
939 2065 1041 2137 possint
1054 2065 1116 2119 dare
1125 2065 1264 2120 licenciam
1277 2065 1413 2120 laborandi

248 2154 277 2206 in
297 2153 368 2208 lestis
387 2155 467 2208 iieate
485 2153 575 2207 marie.
594 2166 621 2207 et
641 2155 669 2207 iu
688 2153 781 2207 diebus
799 2153 949 2208 dominicis.
968 2165 994 2208 et
1012 2153 1042 2207 ln
1062 2152 1134 2207 lestis
1160 2154 1368 2225 appostolorurn.
1388 2167 1414 2209 et

247 2242 316 2296 beati
331 2240 462 2312 Johannis
480 2241 598 2296 babtiste.
617 2258 666 2295 uec
685 2241 713 2294 in
731 2241 822 2313 aliquo
841 2240 908 2296 festo
925 2241 1071 2313 principaii.

280 2403 323 2454 88.
342 2402 556 2455 itemstatutum
573 2402 704 2471 estquod
722 2399 812 2454 iratres
830 2401 967 2471 hospitalis
995 2401 1099 2469 bugelle
1128 2418 1182 2454 non
1202 2403 1303 2472 possint
1330 2402 1413 2456 iacere

244 2491 348 2562 aliquos
366 2501 514 2542 contractus
532 2506 548 2542 a
568 2489 616 2544 soi.
636 2489 695 2542 iix
714 2505 756 2560 pp.
776 2489 902 2558 superius
922 2489 1043 2542 videlicet
1056 2490 1213 2559 emptiones
1223 2491 1412 2544 vendictiones.

246 2578 398 2632 iocationes
427 2577 625 2630 conductiones.
654 2575 868 2647 permutationes
896 2587 923 2630 et
950 2577 978 2630 in
996 2577 1170 2648 ephiteoticos
1188 2590 1344 2632 contractus.
1364 2595 1414 2634 uec

244 2666 310 2720 aiios
320 2677 469 2720 contractus
488 2667 640 2720 nominatos
651 2666 708 2719 sine
718 2665 889 2736 requisitione
902 2665 1043 2720 consulum
1056 2667 1102 2737 qui
1118 2683 1166 2736 pro
1178 2679 1297 2737 tempore
1307 2666 1412 2722 itteriut

245 2765 271 2808 et
289 2771 384 2808 omncs
402 2766 517 2824 quatuor
533 2752 656 2807 consules
674 2753 727 2807 sint
745 2770 796 2807 vna
815 2769 876 2806 curn
896 2752 958 2822 ipsis
976 2753 1004 2806 in
1032 2767 1175 2808 contractu.
1207 2755 1263 2817 Qui
1290 2755 1413 2810 consules

244 2841 356 2895 debeant
374 2841 523 2896 consentire
541 2841 574 2894 de
592 2840 702 2894 licencia
717 2829 857 2894 'credencie
875 2839 916 2894 vel
943 2841 1070 2912 consciiij.
1089 2843 1129 2896 Ac
1147 2841 1168 2896 si
1188 2843 1252 2913 quid
1270 2843 1298 2896 in
1322 2843 1412 2914 aliquo

245 2929 436 2984 contrafactum
455 2929 532 2983 suerit
550 2929 584 2984 sit
602 2946 713 2983 cassum.
732 2929 836 2984 irritum
854 2941 881 2983 et
899 2929 998 2986 nuliius
1023 2929 1127 2984 valoris.

280 3091 322 3160 89.
341 3091 384 3160 (4)
402 3089 564 3144 Ordinaturn
582 3089 711 3160 estquod
729 3089 851 3143 consules
869 3089 949 3142 veteri
968 3089 1101 3161 requirant
1119 3101 1145 3143 et
1163 3089 1212 3142 sibi
1243 3088 1298 3143 fieri
1317 3089 1412 3144 iaciant

246 3177 375 3231 rationem
393 3176 630 3231 administrationis
648 3175 778 3230 confrarie
805 3177 916 3247 perfecte
935 3194 980 3247 per
998 3177 1095 3230 facium
1118 3177 1306 3230 Bertoldanurn
1335 3177 1412 3230 Nico

245 3265 330 3319 linum
350 3265 383 3318 de
401 3264 604 3335 montcgrando.
624 3276 650 3318 et
668 3265 809 3318 dominum
830 3265 974 3318 Martinurn
993 3265 1026 3318 de
1040 3265 1143 3318 Vetuiis
1159 3265 1226 3318 oiim
1240 3265 1338 3335 priores
1351 3281 1412 3318 con·

246 3353 320 3406 irarie
338 3353 460 3424 predicte.
479 3351 589 3424 ecquod
608 3369 639 3406 ea
658 3370 710 3425 que
729 3353 827 3406 habent
846 3369 926 3422 penes
945 3369 972 3406 se
990 3353 1119 3406 debonis
1137 3353 1208 3406 dicte
1220 3352 1349 3406 confrarie
1368 3369 1411 3424 po

246 3453 310 3494 nant
329 3441 357 3494 in
376 3440 519 3494 utilitatem
538 3440 758 3494 confraternitatis
776 3439 898 3512 predicte.

281 3599 323 3654 9⁰·
342 3583 408 3638 Item
427 3594 555 3636 statutum
573 3595 599 3636 et
616 3583 769 3636 ordinatum
787 3583 916 3653 estquod
936 3583 1006 3654 prior
1032 3581 1160 3637 constane
1187 3594 1213 3636 et
1232 3583 1358 3636 sorestmi
1378 3582 1411 3636 ia·

245 3671 315 3725 cient
334 3671 429 3742 pulsari
450 3687 595 3741 cauponam
614 3687 662 3741 pro
690 3671 882 3740 congregandis
902 3671 1057 3740 pauperibus
1084 3681 1145 3724 ante
1173 3671 1279 3723 terciam
1308 3683 1411 3741 etpost

246 3759 358 3814 molum
376 3759 442 3814 hora
460 3759 539 3812 tercie
566 3757 662 3812 facient
689 3758 785 3812 iterum
815 3757 911 3828 pulsari
938 3757 1036 3812 dictam
1063 3774 1191 3828 caponem
1211 3759 1274 3821 Qua
1293 3775 1410 3829 canpana

272 3953 300 4002 (ι)
316 3949 394 3992 vm
410 3949 451 3992 vn
463 3949 546 3990 miecio:
560 3949 666 3990 oblitam
680 3960 736 3990 sunt.

272 4022 299 4071 (a)
315 4020 394 4062 veta:
408 4023 467 4061 mat
480 4019 551 4074 Mutii
559 4036 564 4060 ι
579 4023 680 4075 portarius
691 4021 759 4060 addita
774 4019 837 4060 fuere.

273 4092 300 4140 (9)
316 4090 419 4132 Posterius
433 4091 508 4132 umba:
524 4091 584 4132 Omni
597 4105 660 4131 anu:
675 4092 743 4130 addita
757 4101 812 4129 cunr.

271 4161 299 4210 (4)
314 4159 416 4214 capitula,
430 4173 482 4215 quae
496 4175 508 4202 a
522 4165 548 4210 89
562 4163 586 4201 ed
602 4173 625 4212 99
641 4163 766 4214 pertingunt.
781 4161 865 4200 ululata
879 4159 936 4200 ittera
953 4160 1026 4200 instuit
1042 4171 1123 4202 tarcut:
1139 4171 1206 4202 ntuetr
1222 4163 1364 4202 tantummodo
1379 4177 1410 4204 ca·

245 4231 332 4284 pituitam
346 4243 372 4282 9ο
385 4241 405 4272 et
419 4233 525 4287 sequeutia
536 4233 640 4286 aliquanto
655 4241 701 4286 potr
716 4233 791 4286 scripta
804 4233 906 4272 sidenem
919 4231 979 4286 Juxta
992 4245 1036 4287 cap.
1052 4237 1086 4283 89,
1101 4243 1193 4274 neutuna
1207 4243 1252 4274 cst:
1271 4232 1337 4272 i'uat.

299 4333 382 4380 Sum.
401 4357 424 4368 -
441 4349 459 4378 t.
1345 4349 1357 4379 a
