3978 5546
1444 487 1462 540 0

236 591 239 598 ’
328 615 371 669 4⁰·
393 600 521 670 [xlvlll
549 601 618 656 Item
645 613 774 656 sumtum
801 613 841 656 ert
867 601 940 672 quod
964 599 1095 656 clausritu
1112 611 1140 654 et
1157 597 1280 654 consules
1297 597 1344 670 qui
1362 597 1464 670 aliquas

292 705 432 760 expenssas
450 689 559 744 iecerint
577 705 625 761 pm
643 689 753 744 comuni
771 701 912 744 teneantur
931 689 1044 744 scribere
1056 705 1190 743 menssem
1204 700 1231 743 et
1242 687 1315 744 diem
1327 687 1357 743 in
1368 687 1464 760 quibus

292 795 419 850 experuoe
436 777 504 833 lecte
522 777 619 832 luerint
637 791 664 832 et
680 777 818 850 sigillatim
836 777 995 850 speciffieare
1012 777 1124 832 nomint
1143 777 1267 832 omnium
1289 776 1385 850 quibus
1403 777 1464 830 data

292 865 370 920 luerit
389 867 500 938 pecunia
518 878 544 921 et
562 865 721 938 quantitates
738 879 765 920 et
783 882 882 932 causas,
900 865 972 920 eliis
991 865 1074 920 nichil
1093 865 1175 938 possit
1193 881 1292 936 ponere
1309 863 1338 918 in
1362 863 1465 918 ratione

292 953 423 1010 comunis.
442 955 483 1009 Eo
500 953 576 1010 seluo
594 955 666 1026 quod
685 955 786 1010 dictum
804 967 934 1010 statutum
952 971 1009 1009 non
1037 953 1194 1009 extendatur
1216 953 1249 1008 sd
1267 953 1344 1025 spias
1363 969 1413 1008 nec
1431 953 1464 1008 ad
1492 1015 1499 1030 ·

293 1057 431 1098 tractatum
451 1056 581 1099 secretum
600 1061 653 1116 que
671 1042 766 1100 fierent
783 1043 816 1100 ad
835 1045 938 1099 bontm
957 1055 1056 1100 statum
1074 1055 1102 1098 et
1120 1042 1260 1098 utilitatem
1279 1042 1409 1098 comunis.

329 1220 372 1271 qt.
391 1204 459 1258 ltem
477 1216 605 1260 statutum
631 1217 670 1258 est
696 1205 769 1276 quod
796 1203 886 1258 nullus
914 1203 1007 1258 consul
1034 1203 1116 1276 possit
1143 1219 1193 1258 nec
1221 1204 1314 1259 debeat
1341 1219 1465 1258 excusare

292 1292 410 1363 aliquem
428 1309 520 1364 perse
537 1308 587 1346 nec
606 1309 651 1364 per
669 1293 785 1365 aliquem
804 1293 939 1348 dedomo
957 1309 1005 1346 sus
1033 1309 1082 1346 nec
1102 1293 1219 1364 accipere
1236 1290 1399 1346 solutionem
1417 1307 1464 1346 seu

293 1381 374 1453 accipi
394 1380 478 1435 iacere
495 1397 543 1452 pro
562 1381 744 1436 escussarione
762 1382 889 1436 custodie.
910 1380 1001 1453 etqui
1023 1380 1204 1436 contrafecerit
1231 1380 1318 1436 solunt
1344 1381 1463 1434 bannum

293 1485 341 1539 pro
360 1469 479 1540 quolibet
498 1487 579 1541 quem
597 1469 774 1524 excussnuerit
792 1481 818 1524 et
836 1467 953 1541 qualibet
972 1469 1030 1524 uice
1048 1467 1097 1524 sol
1116 1469 1174 1524 XX.
1194 1487 1235 1540 pp.
1255 1469 1288 1524 Et
1306 1467 1351 1523 iile
1372 1468 1418 1540 qui
1430 1467 1465 1522 t'a·

293 1569 362 1611 ceret
380 1575 517 1611 excussare
544 1557 678 1612 soluereut
703 1558 871 1612 tantumdem
894 1569 1005 1629 excepto
1025 1558 1098 1630 quod
1117 1555 1202 1612 licent.
1229 1557 1349 1612 Notario.
1377 1573 1465 1611 erctu-

293 1663 350 1700 sare
368 1646 435 1701 duos
453 1647 530 1700 omni
549 1658 635 1702 nocte
654 1658 681 1700 et
698 1647 818 1702 servitori
836 1647 913 1702 duos.
932 1659 958 1701 et
976 1645 1016 1700 illi
1035 1647 1082 1718 qui
1100 1646 1206 1701 stabunt
1218 1662 1296 1716 super
1307 1645 1465 1716 campenille

293 1735 369 1789 duos
387 1747 414 1788 et
432 1735 478 1805 qui
497 1734 576 1789 stabit
593 1751 671 1808 super
689 1735 783 1789 turrim
802 1734 878 1790 duos.
902 1747 929 1789 et
957 1734 1089 1790 formaris
1116 1735 1184 1790 duos
1207 1735 1242 1788 de
1269 1733 1379 1788 licencia
1405 1750 1466 1790 cott-

295 1821 392 1878 sulum.

331 1996 373 2048 42.
393 1982 461 2036 ltem
480 1993 608 2036 statutum
627 1995 654 2036 et
672 1983 825 2038 ordinatum
844 1982 973 2054 estquod
992 1983 1026 2036 de
1044 1981 1170 2036 omnibus
1187 1993 1214 2035 et
1232 1981 1344 2052 singulis
1365 1979 1467 2036 delictis

295 2083 321 2124 et
339 2073 414 2142 quasi
434 2068 571 2142 maleficiis
589 2083 616 2124 et
634 2071 708 2142 quasi
733 2071 811 2124 rebus
838 2071 957 2140 negociis
985 2069 1058 2124 iactis
1086 2069 1207 2124 comissis
1236 2069 1278 2124 uel
1307 2069 1467 2140 pertractatis

295 2171 385 2212 contra
404 2160 536 2214 honorem
556 2159 659 2214 domini
678 2160 801 2230 Episcopi
830 2173 856 2212 et
884 2158 1000 2212 Ecclesie
1028 2157 1203 2212 l'ercellensis
1230 2157 1273 2212 uel
1300 2169 1391 2212 contra
1418 2171 1467 2212 ste-

296 2260 382 2301 tutum
401 2261 427 2302 et
446 2249 578 2302 bonorem
597 2249 721 2302 comunis
742 2261 768 2302 et
791 2247 935 2302 hominum
963 2247 996 2301 de
1026 2246 1132 2318 bugella
1159 2264 1205 2301 seu
1233 2259 1325 2300 contra
1349 2246 1396 2317 Jus
1423 2245 1466 2301 uel

295 2347 390 2389 statute
409 2353 455 2390 seu
475 2334 675 2390 resonentiones
695 2335 788 2389 Cridns
806 2347 832 2389 et
850 2335 1032 2396 ordinationes
1049 2335 1112 2390 dicti
1134 2335 1267 2390 comunis
1282 2331 1413 2389 Consules
1425 2349 1468 2387 co·

295 2425 385 2478 munis
404 2425 509 2496 bugelle
525 2437 554 2480 et
571 2425 683 2496 quilibet
700 2425 819 2495 ipsorum
837 2423 918 2480 simul
937 2437 963 2479 et
981 2425 1121 2496 seperatim
1130 2435 1209 2496 prout
1220 2423 1354 2478 volumint
1365 2423 1466 2494 possint

296 2525 322 2568 et
340 2512 445 2567 valeant
470 2531 503 2568 ex
529 2531 624 2570 eorum
651 2513 742 2568 officio
768 2515 827 2569 sine
854 2514 963 2585 strepitu
991 2525 1019 2568 et
1046 2513 1130 2586 figura
1155 2514 1250 2586 Judicij
1279 2513 1374 2568 ordine
1397 2511 1467 2584 luris

296 2615 401 2656 seruato
419 2613 446 2654 et
464 2617 519 2656 non
538 2615 643 2658 serustn
662 2603 798 2675 lnquirere
816 2614 843 2657 et
860 2601 1051 2676 Inquisitiones
1068 2601 1154 2658 iacere
1170 2613 1197 2658 et
1215 2601 1292 2657 iutire
1318 2613 1346 2656 et
1371 2617 1467 2656 omnes

294 2702 322 2743 et
339 2689 459 2760 singulos
477 2690 523 2761 qui
550 2693 713 2762 reperientur
739 2690 883 2762 culpabiles
910 2708 957 2762 per
983 2707 1077 2746 ennam
1104 2691 1290 2762 inquisitione
1320 2690 1414 2761 punire
1441 2701 1467 2744 et

294 2779 492 2849 wndmpure
509 2781 657 2834 seeundum
672 2779 734 2850 Jum
753 2791 780 2834 et
797 2791 895 2834 statuta
913 2779 1036 2834 comunis
1055 2779 1161 2850 bugelle
1178 2791 1205 2833 et
1223 2779 1332 2850 perinde
1348 2793 1379 2832 sc
1397 2777 1419 2832 si
1438 2777 1466 2831 in

294 2867 421 2922 omnibus
440 2867 530 2923 luisset
547 2869 615 2924 ordo
632 2867 790 2940 Judiciarius
817 2867 991 2940 solempniter
1018 2869 1173 2924 obsumus
1200 2879 1227 2922 et
1253 2868 1362 2938 perinde
1388 2883 1419 2922 sc
1444 2867 1467 2920 si

296 2953 387 3010 ferisset
404 2956 439 3010 de
455 2957 578 3028 predictis
595 2957 726 3011 aeussetio
744 2955 866 3026 legitime
883 2955 958 3012 farta.

331 3131 374 3186 43.
393 3115 460 3170 ltem
479 3127 606 3170 sumtum
625 3117 755 3188 estquod
774 3117 901 3172 omnibus
919 3129 946 3172 et
963 3115 1076 3188 singulis
1100 3116 1194 3172 bannis
1222 3115 1338 3171 excussis
1365 3115 1468 3170 ratione

296 3203 503 3276 inquisitionum
521 3203 651 3258 clauarius
669 3205 765 3260 habett
782 3206 961 3261 duodeemam
980 3215 1082 3276 partem
1105 3217 1132 3260 et
1155 3205 1199 3277 alij
1229 3203 1361 3260 Consules
1386 3204 1467 3258 aliam

296 3293 475 3348 duedeamam
493 3293 539 3363 qui
558 3293 680 3348 eonsules
698 3305 839 3348 teneantur
855 3306 924 3348 stare
940 3309 1003 3348 cum
1021 3291 1139 3348 clauario
1165 3293 1200 3348 ad
1227 3291 1359 3348 iscimdss
1385 3293 1468 3348 dictas

295 3379 483 3452 inquisitiones
502 3393 528 3435 et
546 3382 627 3436 etiarn
645 3381 714 3453 ipsas
728 3383 786 3436 sine
797 3383 856 3455 ipso
867 3383 1093 3454 quociescumque
1104 3382 1137 3436 ad
1151 3381 1236 3436 Aurea
1246 3381 1366 3454 ipsorum
1378 3397 1467 3453 perne

295 3469 383 3523 nerint
400 3469 444 3522 uel
463 3470 577 3523 uiderint
588 3471 719 3541 expedire.

330 3643 373 3694 44
391 3627 460 3684 ltem
478 3629 540 3702 qnia
557 3629 722 3684 obsentandn
743 3644 806 3684 sunt
832 3631 861 3686 in
889 3629 1007 3686 futurum
1035 3647 1088 3704 que
1114 3629 1279 3702 longissimis
1304 3629 1468 3702 temporibtu

295 3715 540 3772 inconmutabiliter
557 3731 701 3772 tenuerunt
719 3719 856 3776 Statuturn
874 3731 901 3774 et
914 3720 1068 3776 ordinatum
1081 3718 1132 3774 fuit
1143 3719 1216 3791 qued
1228 3717 1345 3791 quelibet
1357 3735 1468 3790 persona

295 3821 349 3876 que
366 3805 399 3860 de
418 3818 506 3860 cetero
525 3805 657 3876 legittime
677 3805 755 3861 luerit
774 3821 901 3872 accusata,
920 3823 966 3878 per
984 3807 1107 3862 consules
1125 3805 1267 3862 officialem
1289 3823 1336 3861 seu
1354 3807 1470 3862 &mun-

294 3893 429 3950 tiatorem.
450 3894 493 3948 uel
512 3895 649 3949 custodem
671 3895 804 3966 priuatum
823 3897 948 3950 comunis
970 3895 1088 3966 bugelle.
1115 3894 1243 3949 habeatur
1270 3911 1318 3966 pm
1345 3895 1469 3951 condem.

296 3995 382 4052 pnata
404 3999 452 4054 per
468 3981 532 4037 inde
551 3983 591 4036 Ac
610 3983 632 4036 si
650 3995 742 4038 contra
760 3995 920 4038 accusatum.
940 3985 1080 4055 pmbntum
1099 3982 1190 4038 fuisset
1213 3983 1344 4054 legittime
1370 3983 1404 4038 de
1430 3999 1470 4038 sc·

296 4085 360 4124 tusa
378 4086 424 4142 ptr
448 4071 516 4125 duos
543 4071 664 4143 ydoneos
690 4083 776 4126 testes.
803 4071 853 4126 nisi
881 4085 1016 4126 accusatus
1045 4071 1195 4144 probnuerit
1222 4071 1384 4126 contrarium
1412 4071 1469 4125 eius

297 4159 370 4231 quod
389 4159 568 4214 continebitur
586 4159 615 4214 in
633 4176 725 4214 accuse
744 4177 790 4232 per
808 4161 876 4216 duos
893 4173 972 4216 testes
990 4161 1136 4232 legittimos
1148 4173 1175 4214 et
1187 4161 1298 4232 quilibet
1310 4161 1356 4232 qui
1375 4159 1470 4232 preerlt

301 4263 348 4302 seu
367 4247 507 4320 deputatus
525 4245 602 4302 fuerit
620 4248 653 4303 ad
672 4245 788 4304 offitium
806 4249 930 4304 morenis
942 4249 1023 4320 possit
1032 4265 1153 4304 secusne
1164 4249 1286 4320 pubblice
1298 4261 1325 4303 et
1336 4249 1469 4320 prinadm.
