3926 5542
1383 577 1428 616 :tt

267 691 345 744 nibus
364 691 461 743 nobilis
480 689 593 744 Iohanni
612 689 733 760 anthoni]
754 687 819 742 secie
835 687 953 742 consulis
964 687 1026 742 dicti
1040 687 1144 760 collegij
1160 686 1323 758 presentibus
1336 699 1361 740 et
1374 687 1433 740 assi-

267 781 395 832 stentibus
413 791 527 851 quatuor
544 797 576 832 ex
595 777 743 832 senioribus
762 777 842 848 ipsius
861 777 966 846 collegij
987 777 1095 830 obtenta
1114 775 1186 846 prius
1206 773 1374 828 absolutione
1387 791 1434 844 per

268 867 365 936 ipsium
384 867 527 938 collegium
547 883 562 920 a
581 868 732 936 juramento
750 877 777 918 et
795 866 866 936 quod
886 880 941 918 non
960 866 1078 918 trahatur
1095 865 1123 918 in
1137 863 1326 934 consequentia
1339 863 1371 916 Et
1384 863 1433 914 hcc

267 955 360 1009 omnia
378 955 442 1008 citra
461 954 632 1025 preiuditium
650 965 809 1008 statutorum
828 953 932 1023 collegii
953 953 1049 1022 quibus
1067 968 1113 1022 per
1131 962 1279 1022 presentem
1298 949 1434 1004 admissio-

268 1060 330 1096 nem
350 1059 403 1096 non
424 1055 561 1096 censeatur
579 1043 606 1096 in
625 1043 715 1112 aliquo
735 1043 904 1110 denegatum
925 1041 1059 1110 Rogantes
1073 1041 1106 1093 de
1118 1039 1251 1110 premissis
1265 1037 1319 1092 fieri
1336 1037 1434 1092 litteras

268 1129 458 1184 testimoniales
476 1131 533 1184 siue
552 1131 704 1200 pubblicum
723 1130 930 1183 instrumentum
949 1145 995 1198 per
1013 1145 1057 1181 me
1075 1127 1247 1196 augustinum
1266 1125 1345 1180 dela
1364 1139 1434 1179 turre

268 1217 402 1270 notarium
421 1218 591 1287 collegiatam
611 1217 794 1284 subsignatum
813 1216 976 1286 presentibus
1006 1215 1090 1268 nobili
1111 1215 1273 1268 bernardino
1299 1213 1433 1267 tondolini

268 1305 301 1358 de
319 1305 449 1358 cubilisco
467 1305 572 1358 notario
590 1317 616 1358 et
635 1305 743 1358 Roffino
770 1304 889 1374 gastaldo
917 1305 950 1357 de
978 1302 1089 1372 pollone
1118 1303 1227 1356 testibus
1256 1301 1289 1355 ad
1308 1301 1434 1372 premissa

268 1393 375 1458 uocatis,
394 1393 465 1448 notis
483 1405 509 1448 et
528 1393 626 1465 rogatis
645 1393 744 1448 Datum
763 1405 895 1447 etenum
915 1403 1045 1460 utsupra
1188 1463 1213 1516 Α

406 1495 410 1502 -
1214 1499 1221 1514 .
1241 1473 1278 1516 na
1295 1473 1398 1516 ronse.

305 1671 347 1728 49.
358 1657 388 1711 ln
400 1673 482 1710 nome
493 1655 529 1710 dil
540 1669 632 1710 nostro
643 1637 815 1728 signorcyffi
825 1637 880 1726 {apd
891 1667 998 1710 corente
1007 1655 1108 1710 l'Anoo
1118 1655 1150 1709 da
1161 1671 1206 1708 soa
1225 1653 1342 1709 Natiuitd
1361 1651 1435 1708 mille

269 1745 443 1814 cinquecento
462 1746 677 1817 settantacinque,
688 1745 712 1798 la
730 1757 799 1798 teraa
817 1745 948 1798 inditione
966 1757 993 1798 et
1010 1743 1055 1797 alli
1074 1743 1162 1814 giomi
1181 1743 1246 1797 sinti
1260 1743 1303 1796 del
1317 1759 1389 1795 mese
1402 1741 1435 1794 de

270 1831 379 1896 sebraro,
398 1833 556 1886 Conuocato
574 1846 600 1888 et
618 1846 780 1903 congregato
800 1831 817 1885 il
837 1833 951 1902 collegio
970 1832 1032 1885 delli
1052 1831 1135 1884 nobili
1154 1831 1247 1884 nodari
1261 1829 1393 1900 collegiati
1407 1829 1434 1882 di

271 1921 351 1972 lliella
371 1937 445 1990 sopra
464 1919 482 1973 il
502 1921 596 1973 Palaro
615 1921 656 1974 del
677 1939 793 1974 comune
812 1921 839 1973 di
858 1921 931 1973 detto
950 1921 1029 1972 luoco
1047 1935 1099 1973 oue
1118 1919 1139 1972 si
1158 1919 1280 1988 sogliano
1299 1917 1336 1970 lar
1355 1915 1434 1970 simili

269 2010 456 2062 conuocationi
475 2026 520 2079 per
539 2009 671 2062 francesco
690 2009 805 2078 gidenga
824 2009 956 2076 sargiante
974 2009 1002 2061 di
1019 2009 1243 2062 comandamento
1269 2006 1331 2060 delli
1350 2004 1434 2058 nobili

270 2096 406 2150 lianolino
423 2095 541 2150 vercellis
559 2109 586 2150 et
603 2097 657 2166 gio.
677 2098 805 2167 gaspardo
824 2097 944 2166 tollegno
963 2095 1066 2149 consoli
1085 2095 1111 2149 di
1130 2096 1203 2148 detto
1234 2093 1365 2163 Collegio.
1385 2093 1435 2148 Nel

269 2182 347 2252 quale
365 2183 480 2252 collegio
498 2184 524 2236 vi
542 2201 610 2238 sono
629 2185 790 2238 intrauenuti
808 2195 835 2238 et
853 2185 912 2237 stati
932 2183 1045 2254 presenti
1064 2183 1153 2238 Prima
1172 2183 1221 2236 essi
1241 2181 1333 2236 nobili·
1349 2181 1437 2234 berto·

270 2271 326 2324 lino
345 2271 470 2326 Vercellis
488 2285 514 2326 et
532 2272 586 2342 gio,
605 2273 734 2344 gaspardo
752 2271 871 2343 tollegno
890 2271 1001 2336 consoli,
1020 2271 1039 2326 li
1069 2271 1152 2326 nobili
1172 2270 1340 2340 gullielmioo
1359 2268 1433 2332 secia,

270 2360 402 2426 Agctstino
412 2359 532 2424 villanis,
543 2361 713 2414 bartolomeo
722 2360 842 2424 Villanis,
852 2360 961 2414 lacomo
973 2359 1102 2430 tollegno,
1113 2359 1130 2412 il
1144 2361 1192 2428 sig.
1205 2357 1330 2429 Trayano
1339 2373 1436 2428 gronao

271 2447 391 2500 l'lllustre
409 2447 457 2517 sig.
477 2447 586 2502 fabricio
604 2449 646 2502 dal
666 2449 751 2502 Pozzo
769 2461 848 2502 conte
866 2448 893 2502 di
912 2447 1055 2502 Pondtano
1074 2447 1093 2502 il
1112 2447 1163 2502 Rl0
1182 2445 1436 2500 Gio.Giac0moca·

270 2537 347 2587 bania
366 2535 384 2588 li
403 2535 486 2589 nobili
505 2547 640 2590 trancesco
659 2535 777 2600 lantono,
797 2537 923 2590 ludouico
942 2536 1028 2590 rondo
1045 2536 1212 2606 Hieronymo
1226 2533 1348 2587 bartiano
1360 2547 1386 2588 et
1407 2533 1436 2586 lo

270 2624 363 2676 Nicola
382 2624 515 2678 Lauezino
534 2625 635 2678 nodato
663 2625 839 2694 sonosignato
869 2625 929 2678 tutti
949 2623 1080 2694 colleglali
1100 2625 1126 2677 di
1147 2625 1219 2677 detto
1239 2623 1372 2692 Collegio,
1392 2621 1435 2674 nel

269 2709 330 2778 qual
349 2709 473 2780 Collegio
492 2729 537 2782 per
555 2730 624 2764 esser
642 2711 752 2765 ch'laora
779 2713 833 2766 mai
852 2711 870 2766 il
890 2729 1004 2766 numero
1033 2711 1095 2766 delli
1115 2711 1198 2764 nobili
1218 2710 1312 2764 nodari
1330 2723 1357 2763 et
1376 2709 1434 2762 altri

270 2796 402 2864 collegiati
421 2798 447 2850 di
466 2799 539 2851 detto
557 2799 672 2868 collegio
690 2801 705 2852 e
724 2799 829 2852 redono
847 2799 874 2852 ln
894 2801 972 2869 pochi
992 2811 1018 2852 et
1036 2815 1177 2852 enumero
1190 2798 1278 2868 picolo
1290 2799 1373 2852 sendo
1386 2797 1435 2850 che

270 2893 311 2934 tro
330 2884 411 2936 habili
431 2884 481 2938 alle
500 2887 635 2940 seruitude
653 2898 679 2940 et
698 2886 756 2939 altri
775 2903 831 2940 non
850 2887 876 2939 vi
894 2901 962 2940 sono
981 2888 1025 2956 pit't
1045 2888 1094 2939 che
1107 2887 1180 2940 diece
1192 2899 1250 2939 otto
1267 2885 1399 2954 collegiati
1412 2897 1438 2938 et

271 2969 365 3038 perche
384 2989 487 3042 sempre
506 2973 528 3026 si
546 2974 614 3027 deue
632 2975 751 3027 attender
769 2973 979 3042 al'Augumento
998 2975 1024 3026 di
1044 2990 1103 3026 esso
1122 2973 1246 3040 Collegio
1259 2973 1277 3025 li
1290 2989 1366 3042 sopra
1376 2988 1437 3024 con·

271 3057 357 3111 uocati
377 3061 564 3128 representanti
583 3059 649 3114 oltra
669 3061 693 3114 le
711 3073 750 3114 tre
769 3061 833 3130 parti
853 3062 921 3114 delle
940 3075 1033 3132 quatro
1054 3061 1087 3114 de
1106 3073 1172 3114 natte
1185 3060 1209 3114 le
1228 3075 1338 3130 persone
1351 3060 1436 3112 d'esso

272 3143 403 3214 Collegio‚
417 3150 432 3199 d
451 3148 554 3202 honore
573 3153 636 3218 perb
654 3161 680 3202 et
700 3161 864 3218 augumento
877 3150 904 3202 di
917 3151 990 3202 detto
1003 3149 1117 3216 collegio
1130 3149 1190 3201 tutti
1204 3148 1322 3200 vnaniml
1336 3161 1362 3201 et
1375 3163 1436 3200 con·

271 3233 343 3286 cordi
363 3245 389 3287 et
407 3235 492 3288 niuno
511 3235 586 3288 d'essi
606 3237 770 3305 discrepante
788 3237 923 3306 sequendo
942 3236 1073 3290 l'autorital
1092 3237 1141 3290 clae
1159 3249 1276 3304 tengano
1287 3251 1332 3304 per
1350 3235 1368 3288 li
1388 3247 1436 3288 sta-

271 3321 319 3388 tutj
340 3321 366 3373 di
385 3321 457 3375 detto
476 3322 591 3392 collegio
610 3336 635 3376 et
654 3323 776 3394 priuilegi
795 3323 837 3376 del
856 3337 975 3393 presente
995 3323 1077 3392 luogo
1096 3323 1223 3376 etiantdio
1241 3322 1391 3376 confirmati
1405 3323 1437 3376 da

271 3405 298 3460 S.
318 3409 350 3460 A.
369 3421 395 3462 et
413 3409 475 3462 dalli
495 3409 665 3464 lllustrissinti
684 3412 742 3464 suoi
762 3413 936 3481 predecessori
965 3411 1037 3464 liano
1064 3412 1186 3464 ordinato
1218 3423 1244 3464 et
1263 3411 1439 3464 relonnatoe

271 3495 379 3548 statuite
397 3513 475 3550 come
493 3499 651 3552 statuiscano
670 3499 800 3552 ordinano
819 3511 844 3552 et
864 3499 1014 3552 telorntano
1044 3503 1058 3552 a
1078 3500 1279 3552 cottseruatione
1306 3511 1332 3552 et
1350 3515 1437 3566 augo·

272 3595 365 3636 mento
384 3585 416 3637 de
435 3585 572 3654 preuilegij
593 3599 618 3638 et
637 3587 726 3639 statuti
739 3587 765 3639 di
781 3587 853 3640 detto
866 3587 981 3656 collegio
994 3599 1019 3640 et
1032 3587 1100 3640 della
1113 3588 1249 3640 coutunitl
1263 3585 1304 3639 del
1319 3600 1438 3656 presente

271 3668 350 3724 luoco
368 3683 394 3725 et
413 3675 427 3724 l
446 3687 610 3742 augemento
629 3687 654 3728 et
671 3676 873 3728 consternatione
891 3675 960 3728 delle
973 3675 1097 3744 lameglie
1111 3675 1212 3744 perdel
1228 3687 1346 3745 presente
1360 3673 1439 3726 luoco

270 3770 297 3811 et
315 3776 361 3828 per
378 3760 435 3812 altri
455 3761 534 3828 degni
554 3764 658 3830 respenj
679 3763 728 3816 clte
746 3763 846 3816 s'ltabbi
868 3763 900 3816 da
920 3763 1062 3816 reformare
1080 3779 1138 3816 esso
1157 3763 1272 3830 collegio
1291 3761 1436 3828 etch’ogni

273 3863 384 3916 persona
403 3849 540 3916 collegiata
560 3849 580 3901 sl
599 3863 719 3918 presente
737 3851 787 3903 che
805 3853 912 3904 absente
932 3852 1000 3920 possi
1020 3865 1045 3904 et
1065 3852 1150 3918 vaglia
1164 3851 1288 3903 nominat
1306 3850 1370 3902 altra
1384 3867 1438 3920 per·

272 3951 336 3988 sona
355 3936 379 3989 al
399 3937 472 3990 detto
490 3936 605 4004 collegio
623 3937 685 4007 qual
704 3939 725 3991 si
743 3939 821 3991 habbi
841 3939 979 3992 d'accettar
997 3951 1022 3992 et
1042 3939 1169 3992 aduaetter
1183 3939 1240 4008 puri
1260 3939 1309 3992 clre
1327 3939 1364 3990 sia
1384 3954 1438 4008 pet·

271 4039 336 4076 sona
354 4025 381 4077 di
402 4025 491 4088 Bit-lta,
510 4038 570 4076 nata
590 4025 617 4078 in
638 4025 719 4078 Riella
738 4037 763 4079 et
786 4027 835 4079 che
854 4026 871 4078 li
891 4027 949 4080 suoi
968 4028 1046 4096 padre
1065 4039 1091 4080 et
1109 4027 1266 4079 antecessori
1285 4027 1360 4078 siano
1379 4025 1437 4078 stati

272 4111 354 4164 natiui
374 4113 400 4165 di
421 4113 502 4165 Biella
520 4125 546 4166 et
564 4113 704 4166 habitatori
724 4113 766 4166 nel
787 4127 905 4183 presente
924 4113 1003 4168 leoco
1022 4127 1047 4168 et
1066 4115 1108 4167 ch'
1125 4115 1239 4167 habiano
1258 4127 1395 4166 sostenuto
1413 4125 1439 4166 et

271 4213 432 4268 sostengano
452 4199 469 4253 ll
489 4201 588 4268 cariglti
608 4200 650 4253 del
671 4215 789 4270 presente
809 4201 886 4254 luoeo
905 4203 931 4254 di
952 4201 1033 4254 Biella
1052 4215 1078 4254 et
1097 4219 1152 4254 non
1172 4201 1316 4256 altrimenti
1330 4202 1356 4254 nl
1371 4201 1438 4255 altro

272 4289 355 4342 modo
374 4289 394 4340 si
414 4289 482 4358 possi
503 4288 540 4341 lar
558 4289 694 4341 ellettione
713 4290 738 4342 di
758 4289 821 4343 altra
840 4290 938 4360 qualitd
957 4303 983 4342 et
1002 4307 1029 4342 se
1048 4291 1069 4342 si
1090 4289 1141 4342 sara
1161 4291 1224 4342 altra
1246 4289 1381 4342 ellettione
1400 4291 1437 4344 sla

272 4375 353 4430 nulla.
374 4375 406 4430 ln
426 4389 526 4448 quanto
545 4377 568 4430 al
589 4377 641 4430 tale
659 4391 685 4430 et
704 4377 748 4432 tali
769 4377 850 4432 ellctti
871 4391 962 4432 contra
982 4377 1005 4432 la
1025 4377 1109 4434 forma
1137 4391 1163 4434 et
1183 4379 1267 4432 limita
1286 4379 1402 4452 prede-tta
1420 4379 1439 4434 il
