3978 5546
562 539 591 592 52

559 657 637 715 prout
654 661 732 714 supra
749 645 899 699 continetur
916 645 1037 698 simliter
1055 645 1145 716 perdat
1163 661 1194 698 ec
1212 661 1264 715 que
1281 644 1409 714 acceperit
1426 645 1454 698 in
1473 644 1564 698 dotem
1591 657 1618 698 et
1635 660 1724 714 perue-

560 733 616 786 niat
633 733 660 785 in
680 749 795 787 comune
814 733 927 803 bugelle.
944 734 978 787 Et
995 734 1032 787 ita
1050 749 1097 803 per
1114 733 1206 786 omnia
1220 745 1339 802 utsupra
1351 731 1449 802 legitur
1460 731 1599 786 Machaluc
1611 732 1725 785 seruitor

524 859 538 876 .
560 821 683 874 comunis
701 821 806 890 bugelle
824 822 857 874 de
869 822 1033 892 volumptate
1044 835 1071 874 et
1084 837 1214 874 consensu
1227 821 1351 874 omniurn
1363 821 1597 874 credennatiorutn
1609 832 1636 872 et
1647 835 1726 888 super

560 925 653 961 eorum
671 909 773 962 animas
791 910 888 978 iurauit
905 909 938 962 ad
956 921 1045 962 sanna
1063 909 1106 962 dei
1121 908 1259 980 euangelia
1272 909 1324 960 hoc
1335 919 1463 962 statutum
1479 906 1588 960 firmum
1600 919 1626 960 et
1638 918 1725 959 ratum

560 995 657 1048 habere
674 1007 701 1048 et
718 1007 815 1049 tenere.
835 996 915 1059 Quod
933 1009 1061 1050 statutum
1080 996 1266 1050 cnnfirmatum
1286 1008 1324 1048 est
1343 1011 1388 1065 per
1400 994 1551 1049 Dominum
1564 993 1724 1064 Episcopum

561 1082 767 1136 vercellensem.

597 1223 656 1276 268.
675 1223 742 1276 Item
760 1234 888 1276 statutum
907 1235 934 1276 et
951 1224 1102 1277 ordinatum
1121 1225 1250 1294 estquod
1268 1223 1379 1293 quilibet
1391 1223 1523 1276 habitator
1540 1222 1663 1275 comunis
1681 1223 1725 1274 bu-

560 1309 638 1380 gelle.
657 1311 703 1380 qui
720 1327 776 1364 non
795 1323 846 1364 stet
863 1323 889 1364 et
907 1310 1007 1365 habitet
1025 1312 1053 1364 in
1072 1311 1132 1364 loco
1151 1311 1264 1380 bugelle.
1284 1328 1339 1364 non
1359 1311 1440 1380 possit
1467 1327 1516 1362 nec
1535 1310 1628 1362 debeat
1646 1325 1724 1361 rccu-

560 1415 617 1449 sare
634 1399 699 1467 quin
719 1398 805 1451 soluat
823 1399 931 1451 honera.
951 1411 977 1452 et
994 1400 1179 1467 impositiones
1197 1399 1320 1452 comunis
1340 1398 1452 1468 bugelle.
1462 1399 1496 1452 Et
1510 1398 1531 1450 si
1544 1395 1726 1450 contrafecerit

561 1486 619 1553 ipso
638 1487 695 1554 jure
712 1486 816 1538 amittat
834 1485 998 1538 habitariam.
1017 1503 1065 1538 nec
1084 1485 1192 1538 ulterius
1219 1487 1346 1540 habeatur
1373 1501 1420 1554 pro
1448 1485 1602 1538 habitatore.
1621 1497 1648 1537 et
1665 1501 1727 1537 con·

560 1571 630 1623 sules
648 1583 787 1624 teneantur
805 1573 830 1624 ei
848 1573 1004 1626 denuntiare
1022 1573 1124 1626 dictum
1142 1584 1280 1626 statutum.

599 1727 658 1798 269.
676 1729 743 1782 Item
761 1741 888 1782 statutum
906 1741 933 1782 et
950 1730 1103 1784 ordinatum
1121 1743 1159 1784 est
1177 1731 1249 1800 quod
1268 1747 1323 1782 non
1342 1731 1418 1784 liceat
1434 1731 1512 1783 alicui
1526 1745 1637 1798 persone
1654 1729 1727 1781 habi·

564 1816 629 1868 tanti
648 1817 675 1868 in
695 1817 807 1885 bugella.
827 1829 916 1868 tenere
934 1818 1029 1869 bestias
1047 1817 1148 1886 aliquas
1167 1818 1194 1869 in
1214 1817 1355 1886 poscheriis
1375 1817 1418 1868 uel
1436 1816 1538 1885 alpibus
1552 1814 1657 1882 bugelle
1675 1814 1726 1865 nisi

564 1905 645 1956 dictas
664 1905 757 1955 bestias
775 1905 900 1956 tenuisset
919 1916 945 1956 et
963 1905 1147 1956 custodiuisset
1167 1905 1193 1955 in
1214 1905 1284 1956 dicto
1303 1904 1363 1956 loco
1376 1903 1488 1974 bugelle.
1505 1915 1560 1954 tota
1573 1903 1669 1970 igeme.
1684 1900 1726 1952 uel

551 1992 615 2043 nisi
634 1991 676 2058 (1)
695 1992 793 2042 ecclam
812 2003 861 2042 stet
880 2003 905 2042 et
924 1992 1024 2043 habitet
1043 1993 1070 2044 ia
1090 1991 1149 2043 loco
1169 1991 1281 2060 bugelle.
1301 2003 1327 2042 et
1345 1991 1396 2043 nisi
1415 1991 1457 2059 (r)
1476 2001 1542 2041 esset
1561 1989 1594 2042 de
1613 1988 1726 2058 bugella.

565 2079 607 2131 uel
627 2091 743 2146 receptus
762 2078 892 2130 habitator
910 2079 1023 2146 bugelle.
1043 2080 1076 2131 Et
1094 2079 1140 2148 qui
1158 2079 1346 2130 contrafecerit.
1360 2079 1446 2131 soluat
1458 2093 1505 2146 pro
1518 2077 1635 2147 qualibet
1648 2076 1726 2128 ebdo

565 2166 650 2217 mada.
669 2164 717 2216 sol.
736 2165 793 2217 XX.
813 2181 854 2233 pp.
874 2166 906 2217 Et
925 2165 1046 2217 consules
1065 2177 1204 2217 teneantur
1223 2166 1354 2234 inquirere
1372 2166 1495 2235 quotiens
1523 2165 1560 2217 eis
1580 2163 1658 2217 suerit
1677 2165 1725 2218 de-

564 2253 716 2304 nuntiatum
736 2263 762 2303 et
780 2263 868 2303 tenere
887 2253 1088 2304 denunciatores
1108 2253 1232 2321 priuatos.

602 2424 660 2476 27⁰·
680 2411 746 2461 Item
765 2421 890 2461 statutum
910 2423 948 2462 est
967 2411 1038 2479 quod
1057 2410 1144 2479 aliqua
1163 2428 1273 2479 persona
1293 2411 1334 2462 cui
1353 2427 1407 2462 non
1428 2412 1461 2463 sit
1479 2424 1552 2464 mota
1570 2412 1673 2480 questio
1692 2427 1729 2462 ra·

565 2499 639 2549 tione
658 2498 784 2550 habitatio
796 2499 918 2549 comunis
931 2497 1043 2566 bugelle.
1063 2516 1108 2567 per
1121 2498 1235 2550 Otinuur
1249 2499 1386 2550 Villanum
1399 2511 1425 2550 et
1438 2498 1623 2551 Guillielmunr
1637 2499 1669 2550 de
1683 2497 1729 2548 ser·

567 2587 648 2648 ranis,
666 2587 780 2638 sindicos
799 2598 825 2638 et
843 2599 1030 2653 procuratores.
1049 2587 1179 2638 comunis.
1199 2587 1231 2638 ad
1251 2587 1302 2638 lroc
1320 2587 1466 2654 specialiter
1492 2587 1637 2655 deputatos.
1657 2602 1728 2637 anno

567 2686 687 2724 currente
705 2673 902 2726 Mcccxxlu.
922 2690 977 2724 non
997 2675 1078 2742 possit
1097 2675 1175 2742 recipi
1194 2690 1243 2725 nec
1261 2674 1351 2725 haberi
1370 2674 1502 2726 habitator
1519 2675 1581 2726 dicti
1607 2672 1729 2725 comunis

567 2759 654 2828 aliqua
673 2759 774 2812 ratione
792 2760 835 2811 uel
854 2777 930 2812 causa
950 2777 1032 2829 usque
1052 2761 1085 2812 ad
1105 2778 1197 2812 annos.
1217 2761 1274 2813 XX.
1294 2762 1489 2829 subsequentes.
1510 2777 1559 2812 nec
1577 2777 1653 2829 supra
1671 2761 1728 2828 ipso

567 2860 665 2899 statuto
684 2847 848 2916 aliquatenus
867 2848 1018 2916 dispensari.
1038 2865 1086 2899 nec
1105 2849 1168 2916 poni
1187 2849 1215 2900 in
1243 2848 1374 2900 credentia
1396 2850 1468 2917 quod
1496 2848 1540 2900 fiat
1567 2861 1657 2900 contra
1676 2864 1730 2917 pre·

568 2935 668 2986 dictum
688 2947 822 2985 statutum.
841 2935 874 2987 Et
892 2935 1013 2986 consules
1023 2936 1067 3004 qui
1079 2948 1206 3003 ponerent
1219 2936 1246 2986 in
1260 2936 1391 2987 credentia
1404 2951 1453 2986 nec
1466 2937 1528 3004 poni
1542 2935 1729 3004 permitterent.

568 3021 673 3073 soluant
686 3021 803 3073 bannum
818 3038 864 3090 pro
877 3023 995 3091 quolibet
1008 3035 1033 3073 et
1047 3023 1162 3090 qualibet
1176 3023 1241 3073 uice.
1257 3023 1313 3074 libr.
1327 3023 1358 3074 X.
1372 3023 1455 3091 etqui
1475 3024 1622 3075 consuleret
1640 3033 1730 3074 contra

567 3109 713 3178 predictum
731 3121 868 3160 statutum.
887 3110 973 3160 soluat
992 3109 1039 3160 sol.
1060 3122 1175 3161 centum.
1196 3127 1237 3177 pp.
1267 3122 1293 3161 et
1323 3111 1494 3162 niclrominus
1523 3111 1637 3179 receptio
1665 3109 1730 3160 facta

568 3209 659 3248 contra
679 3197 825 3263 predictum
845 3209 972 3248 statutum
991 3198 1023 3248 sit
1037 3214 1106 3248 cassa
1120 3210 1145 3248 et
1159 3197 1228 3249 irrita
1245 3209 1271 3248 et
1283 3197 1381 3249 nullius
1392 3198 1488 3249 ualoris
1501 3211 1579 3267 atque
1592 3197 1730 3250 momenti.

568 3297 594 3338 et
612 3296 729 3352 receptus
747 3300 802 3335 non
821 3283 947 3335 habeatur
966 3301 1012 3353 pro
1031 3285 1177 3337 habitatore
1196 3285 1250 3354 ipse
1268 3302 1317 3336 nec
1336 3285 1382 3355 filij
1403 3303 1451 3338 uec
1470 3287 1579 3338 heredes
1597 3296 1729 3356 perpetuo

780 3563 828 3614 DE
847 3563 915 3631 l'lJS
934 3561 981 3614 ET
1001 3562 1092 3632 ALlJS
1111 3562 1335 3616 COMUNIBUS.
1357 3593 1388 3601 -
1409 3564 1439 3616 R.
1458 3563 1520 3616 XV.

606 3789 664 3840 271.
684 3773 817 3826 Statutum
836 3783 874 3824 est
893 3773 964 3841 quod
983 3772 1104 3824 consules
1118 3785 1256 3824 teneantur
1270 3772 1352 3824 lacere
1365 3773 1438 3825 altari
1453 3785 1478 3825 et
1492 3773 1623 3826 meliorati
1637 3773 1732 3826 t'riuola

570 3861 634 3912 lacta
654 3873 679 3912 et
698 3879 749 3929 que
767 3861 888 3913 decetero
907 3859 971 3912 fient
989 3862 1017 3912 in
1037 3861 1085 3912 viis
1105 3861 1214 3930 publicis
1243 3861 1270 3911 in
1290 3862 1421 3912 territorio
1450 3861 1554 3929 bugelle
1576 3874 1732 3930 postquam

569 3949 679 4000 sinerint
698 3947 740 3999 uel
759 3948 796 3999 eis
815 3947 892 3999 fuerit
911 3949 1107 3999 denunciatum.
1128 3948 1160 4000 ad
1179 3947 1292 3998 laudem.
1307 3960 1420 4015 quatuor
1433 3948 1574 4000 hominum
1589 3948 1630 4001 uel
1641 3966 1693 4000 sex.
1708 3961 1733 4000 et

570 4036 614 4086 illa
634 4051 743 4103 persona
762 4051 813 4103 que
832 4051 886 4085 non
907 4035 1026 4088 altaucrit
1056 4036 1124 4086 dicta
1143 4035 1245 4087 triuola.
1274 4035 1420 4086 secundum
1449 4036 1520 4104 quod
1539 4037 1562 4088 ei
1582 4048 1732 4105 preceptum

571 4122 647 4174 suerit
666 4139 711 4190 per
728 4121 857 4173 consules.
877 4121 963 4174 soluat
982 4124 1108 4174 bannum.
1128 4122 1175 4174 sol.
1194 4122 1226 4174 X.
1246 4139 1288 4191 pp.
1308 4139 1354 4190 pro
1374 4121 1489 4190 qualibet
1508 4123 1645 4174 edomada.

598 4311 628 4364 (t)
643 4311 672 4364 (t)
686 4310 750 4350 l'erbn
764 4321 835 4363 postea
849 4311 924 4348 additi.
