3958 5540
1430 561 1477 616 135

312 668 356 739 alij
377 667 457 722 luturi
476 668 539 722 dicti
559 668 681 722 comunis
700 669 813 722 debeant
830 667 955 722 rettinere
974 667 1097 722 salarirun
1116 667 1198 738 ipsius
1224 667 1328 722 domini
1346 669 1481 740 potestatis

314 757 433 810 debitum
452 773 500 826 pro
518 773 633 810 comune
652 773 735 826 usque
753 757 786 810 acl
805 755 879 810 illam
892 756 1066 826 quantitatem
1079 757 1205 826 peccunie
1216 773 1296 828 quam
1309 773 1364 810 non
1378 756 1482 810 soluere

311 843 401 897 iecerit
419 844 487 914 Ipsis
506 847 589 898 lacere
608 845 764 898 debentibus
783 857 812 898 ut
832 845 987 915 premititur.
1007 845 1041 898 Et
1059 857 1164 915 propter
1182 862 1213 898 oa
1231 861 1287 898 non
1305 845 1339 898 sit
1351 846 1481 898 subtracta

312 931 420 985 facultas
438 931 554 985 clauario
572 933 685 1003 presenti
704 945 730 986 et
749 931 842 985 futuris
861 949 891 986 ac
910 932 953 1002 lijs
971 932 1067 1002 quibus
1084 949 1201 986 comune
1219 933 1390 986 concessisset
1408 950 1481 986 arre-

311 1019 398 1072 standi
415 1036 494 1090 super
512 1021 612 1090 palacio
631 1020 688 1074 siue
706 1019 810 1091 plathm
828 1021 891 1074 dicti
910 1021 1042 1084 comunis,
1053 1021 1085 1074 Et
1104 1037 1184 1090 penas
1202 1021 1380 1090 peccuniarias
1398 1021 1473 1090 impo

311 1107 392 1160 nendi
411 1107 474 1177 ipsis
491 1108 647 1162 debentibus
665 1119 695 1162 ut
712 1125 790 1178 supra
808 1107 860 1162 Sed
879 1107 950 1178 ipsos
962 1119 1087 1161 anestare
1099 1109 1200 1178 possint
1211 1119 1238 1162 et
1252 1125 1332 1179 penas
1345 1108 1483 1178 imponere

313 1209 340 1248 ut
359 1195 484 1248 dominus
503 1207 617 1266 potestas
635 1196 704 1250 dicte
722 1207 790 1250 terre
817 1194 901 1250 lacere
929 1207 1016 1266 potest
1034 1207 1060 1250 et
1080 1195 1184 1265 poterit
1203 1195 1243 1250 Eo
1272 1195 1347 1250 saluo
1366 1197 1408 1249 nis
1426 1207 1481 1249 ter-

314 1282 403 1336 minus
421 1282 459 1336 eis
476 1283 553 1337 datus
572 1282 649 1336 fuerit
668 1295 800 1353 utsupra.

365 1491 446 1562 (nv)
478 1491 710 1548 anurrrourss
741 1492 928 1549 srarurrs
961 1495 1011 1550 us
1041 1487 1260 1550 rornsrare
1292 1509 1370 1552 ων.
1402 1495 1479 1550 sun.

316 1579 514 1634 uccccvur.
535 1611 566 1620 -
587 1579 642 1636 ra.
660 1581 765 1636 usus.
785 1596 834 1636 vn.
857 1581 900 1635 re

350 1773 381 1827 ln
400 1773 512 1826 nomine
530 1773 636 1832 domini
664 1773 761 1828 Amen.
790 1774 934 1828 Millesimo
961 1776 1211 1846 quatercentessimo
1232 1787 1328 1830 octauo
1346 1775 1484 1832 Inditione

314 1863 399 1932 primo
417 1862 461 1914 die
479 1863 622 1932 vigessimo
641 1875 735 1934 quarto
753 1864 852 1916 mensis
871 1864 971 1934 marcij.

352 2037 439 2090 Hodie
456 2038 484 2090 in
503 2038 640 2091 credencia
658 2051 804 2092 conuocato
823 2051 849 2092 et
866 2051 1027 2110 congregato
1045 2055 1123 2110 super
1134 2039 1232 2110 palatio
1244 2041 1366 2094 comunis
1379 2041 1484 2112 bugelle

316 2138 393 2194 prout
406 2126 488 2178 moris
501 2139 526 2179 et
539 2127 572 2180 de
584 2127 710 2180 mandato
723 2128 882 2198 prudentum
895 2128 1068 2181 dominorum
1081 2129 1193 2182 vbertini
1206 2129 1358 2200 pessrleque
1367 2129 1482 2200 Clauarij

316 2213 496 2266 Bartholomei
516 2215 549 2268 de
568 2213 679 2268 ferrariis
698 2216 763 2285 petri
782 2214 909 2285 sepellani
927 2228 953 2274 et
971 2217 1063 2270 antoni
1083 2216 1208 2270 bertrami
1226 2218 1314 2288 gromi
1334 2217 1484 2272 Consulum

315 2301 376 2354 dicti
399 2302 521 2355 comunis
539 2301 654 2372 bugelle,
673 2302 725 2356 Cui
743 2302 876 2356 credentie
895 2301 1071 2357 interfuerunt
1089 2304 1152 2358 dicti
1170 2304 1274 2358 domini
1302 2304 1440 2358 Clanarius
1459 2319 1485 2360 et

316 2387 447 2442 Consules
466 2407 516 2442 vna
535 2406 597 2442 cum
617 2391 719 2443 duabus
738 2391 853 2460 partibus
871 2403 898 2444 et
917 2391 985 2444 ultra
1004 2391 1179 2446 dominorum
1206 2387 1440 2446 credendariorum
1460 2407 1486 2448 et

315 2475 457 2530 consulum
478 2477 654 2547 pararicorum
673 2477 736 2531 dicti
754 2479 877 2531 comunis
895 2494 991 2532 omnes
1009 2479 1037 2532 in
1056 2480 1191 2533 corcordia
1212 2492 1239 2533 et
1257 2480 1366 2534 nemine
1384 2481 1485 2534 discre-

318 2576 396 2633 pante
415 2561 520 2617 luerunt
539 2563 606 2618 facto
624 2575 720 2618 statuta
739 2577 765 2617 er
783 2565 932 2618 additiones
951 2563 1114 2636 infrascripte
1127 2567 1230 2622 statutis
1242 2567 1381 2622 antedictis
1393 2567 1487 2622 lacien-

316 2650 386 2704 tibus
405 2652 570 2704 mentionem
590 2653 624 2705 de
641 2651 774 2706 Potestate
792 2652 898 2724 bugelle
916 2652 1017 2708 eteius
1036 2653 1143 2708 familia.

350 2807 394 2862 62.
413 2807 446 2862 Et
465 2809 551 2878 primo
570 2821 697 2862 statutum
716 2821 742 2864 et
760 2809 913 2864 ordinatum
932 2808 981 2865 suit
999 2811 1121 2866 addendo
1134 2812 1211 2866 dictis
1223 2811 1332 2868 stamas
1344 2813 1427 2877 Quod
1441 2829 1486 2884 po

316 2908 395 2950 testas
413 2895 524 2950 vicarius
543 2895 723 2950 Collecteralis
741 2913 787 2950 seu
806 2896 873 2951 alius
892 2897 925 2952 de
943 2896 1044 2952 familia
1061 2899 1144 2968 ipsius
1162 2901 1298 2970 potestatis
1318 2901 1424 2972 bugelle
1442 2902 1485 2954 vi·

317 2983 412 3038 delicet
430 2985 514 3047 Anus,
533 2984 618 3049 Pater,
638 2983 739 3038 fratrer
756 2986 836 3055 patris
854 2985 897 3038 uel
916 2985 1015 3051 Matris,
1035 2987 1124 3050 Filius,
1143 2989 1318 3042 consobrinus
1342 2988 1385 3042 uel
1404 3007 1487 3059 nepos

317 3073 400 3143 ipsius
419 3071 553 3142 potestatis
573 3089 622 3126 nec
641 3071 692 3126 alia
711 3089 822 3143 persona
841 3090 892 3144 quc
910 3074 1010 3127 steterit
1028 3073 1056 3128 in
1075 3077 1238 3129 comunione
1257 3093 1318 3130 cum
1337 3077 1395 3147 ipso
1416 3090 1488 3146 pote

317 3171 383 3214 state
405 3159 451 3230 qui
469 3173 583 3230 potestas
601 3161 744 3214 exercuerit
763 3177 809 3215 seu
828 3159 905 3215 luerit
923 3161 952 3214 in
970 3161 1055 3216 offitio
1074 3163 1191 3232 predicto
1209 3180 1263 3216 vno
1281 3180 1353 3217 anno
1371 3181 1416 3218 seu
1436 3183 1488 3220 vna

321 3249 378 3301 vice
396 3263 452 3301 non
471 3249 553 3318 possit
570 3247 634 3318 eligi
653 3265 701 3301 nec
720 3265 776 3302 esse
794 3249 899 3319 inipso
917 3248 1003 3304 offitio
1030 3267 1079 3304 nec
1107 3251 1194 3320 ipsum
1222 3251 1341 3304 officium
1368 3269 1488 3306 exercere

319 3335 369 3388 nisi
388 3335 487 3388 steterit
505 3347 577 3389 extra
604 3335 692 3405 ipsum
720 3335 836 3390 offitium
864 3349 978 3407 quatuor
1004 3337 1081 3392 annis
1099 3339 1226 3392 continue
1254 3338 1393 3408 completis
1410 3355 1426 3392 a
1444 3341 1488 3393 die

324 3421 384 3476 finis
403 3422 484 3491 ipsius
502 3422 582 3476 officii
601 3423 761 3476 inchoandis
779 3436 805 3476 et
823 3424 845 3477 si
864 3423 1056 3478 contrafactum
1075 3424 1152 3479 fuerit
1173 3426 1292 3496 ipsorum
1319 3425 1435 3480 offitium
1453 3427 1487 3480 sit

320 3509 425 3563 nullum
445 3521 471 3563 et
489 3510 527 3564 eis
544 3527 591 3564 seu
610 3510 684 3564 alteri
703 3510 822 3580 ipsorum
840 3509 914 3564 nulla
932 3528 1044 3582 persona
1062 3513 1169 3566 obedire
1188 3525 1315 3566 teneatur.

353 3665 397 3736 63.
417 3667 487 3722 ltem
506 3668 579 3738 quod
599 3667 673 3722 nullo
692 3683 803 3738 persona
822 3669 903 3739 possit
921 3686 977 3722 esse
995 3681 1110 3740 potestas
1127 3687 1177 3724 nec
1195 3671 1307 3725 vimrius
1319 3670 1425 3740 bugelle
1437 3671 1488 3724 nisi

316 3753 350 3808 sit
368 3756 445 3808 etatis
464 3755 573 3826 triginta
594 3771 736 3820 annorum,
755 3755 797 3826 (ι)
812 3769 838 3810 et
850 3755 962 3810 orionda
976 3758 1010 3811 de
1021 3759 1154 3812 territorio
1167 3758 1276 3812 Illustris
1288 3759 1392 3814 domini
1404 3759 1488 3812 nostri

319 3841 439 3913 prelibati
456 3855 502 3897 aut
520 3843 637 3898 illustris
655 3843 758 3898 domini
777 3845 902 3916 principis
931 3845 1041 3918 Achaye
1058 3859 1085 3900 et
1103 3845 1168 3901 illud
1187 3847 1259 3902 idem
1283 3850 1438 3902 obseruetur
1456 3849 1489 3902 de

321 3929 473 3985 Collaterali
493 3943 520 3984 et
538 3943 593 3986 tota
612 3933 669 3985 eius
688 3930 796 3986 familia.
815 3933 858 4002 (r)

355 4069 399 4136 64.
417 4071 485 4126 ltenr
504 4071 576 4143 quod
595 4071 681 4126 dictus
699 4085 813 4142 potestas
831 4073 942 4127 durante
959 4073 1075 4128 termino
1101 4075 1164 4128 dicti
1191 4075 1231 4128 sui
1258 4075 1338 4146 officij
1370 4089 1490 4131 teneatur

321 4159 478 4228 consignare
490 4171 516 4212 et
528 4160 709 4214 demonstrare
727 4160 757 4213 ln
772 4159 905 4230 presencia
917 4173 981 4215 tunc
994 4161 1166 4215 dominomm
1180 4162 1295 4234 Clanarij
1309 4175 1336 4217 et
1348 4165 1489 4218 consulum

348 4371 378 4422 (rt
391 4371 424 4424 (ι)
437 4371 532 4410 Adiectio
546 4372 655 4423 posterior,
670 4370 740 4412 eadent
754 4381 821 4412 tornea
835 4383 896 4410 manu
911 4381 990 4412 monta
1005 4371 1092 4413 ridetur.
