3926 5542
498 471 547 523 188

497 591 594 646 ualons
613 591 738 644 librarum
756 592 901 644 ducentum
919 591 1084 662 papiensium
1097 603 1124 646 et
1141 592 1174 645 ab
1192 592 1255 645 inde
1272 607 1350 662 supra
1367 590 1399 644 ln
1411 589 1484 644 libris
1501 601 1655 660 centumap

496 679 623 750 plicandis
641 680 751 732 comuni
769 679 879 750 bugella:
896 691 923 732 et
941 681 969 732 in
987 679 1154 734 restitutione
1171 681 1351 750 dampnorum
1368 695 1543 749 expensamus
1570 689 1598 731 et
1613 679 1658 730 in-

495 779 591 820 teresse
608 766 762 836 applicanda
780 769 893 837 emptori
912 767 954 820 mi
982 784 1039 820 non
1066 768 1160 820 tradita
1177 766 1228 820 finit
1257 767 1388 838 possano
1414 765 1497 836 ipsius
1523 765 1569 818 rei
1587 765 1661 818 Etsi

495 871 536 907 res
553 853 602 908 suit
620 855 732 908 minoris
749 855 829 926 predj
850 855 976 910 librarum
994 856 1140 910 ducentum
1152 856 1364 926 condampnetur
1374 855 1403 908 in
1413 854 1572 910 numatam
1581 869 1662 924 quan

495 954 553 995 tum
572 943 621 996 erit
639 943 757 1013 precium
779 944 860 1013 ipsius
878 945 915 996 rei
934 960 982 1014 pro
1000 943 1119 1015 quolibet
1137 956 1164 996 et
1181 943 1298 1015 qualibet
1316 943 1375 996 uice
1392 955 1420 996 et
1437 943 1466 994 in
1484 942 1562 995 omni
1573 943 1661 1011 dapuo

496 1043 522 1083 et
540 1031 665 1084 interesse
683 1031 845 1102 applicandis
863 1033 985 1102 emptori,
1004 1033 1046 1085 cui
1065 1031 1177 1086 traddita
1195 1049 1251 1085 non
1270 1031 1320 1085 fuit
1338 1031 1468 1102 possessio
1486 1030 1556 1085 dicte
1573 1030 1662 1084 reiEt

404 1181 411 1196 .
495 1120 588 1172 eadem
607 1137 674 1189 pena
692 1120 814 1172 uendicet
833 1119 881 1172 sibi
900 1119 990 1172 locum
1009 1119 1036 1171 in
1056 1120 1218 1174 cessionibus
1228 1119 1327 1172 iurium
1340 1119 1444 1172 duobus
1455 1117 1531 1172 factis
1543 1118 1662 1188 quolibet

496 1207 574 1260 titulo
592 1225 638 1277 per
655 1209 769 1261 eandem
789 1224 938 1276 personam,
957 1208 990 1260 Et
1008 1207 1090 1260 etiam
1109 1207 1205 1260 habeat
1222 1207 1330 1260 titulum
1349 1207 1419 1260 dicta
1437 1223 1504 1278 pena
1523 1205 1662 1274 sidupbus

495 1295 587 1359 titulis,
606 1296 654 1348 uni
671 1296 750 1349 titulo
768 1296 921 1348 donationis
939 1309 966 1348 et
983 1296 1057 1349 alteri
1075 1295 1154 1349 tinulo
1173 1295 1336 1350 uenditionis
1354 1294 1598 1365 foretpereandem
1607 1311 1662 1364 per-

496 1399 591 1436 sonam
610 1383 761 1456 alienatam.
780 1384 813 1436 Et
831 1385 925 1436 eadem
944 1401 1011 1454 pena
1030 1385 1154 1454 puniatur
1171 1385 1268 1437 cedens
1285 1385 1331 1455 qui
1350 1395 1440 1454 postea
1458 1383 1608 1436 liberauerit
1620 1384 1663 1436 de

498 1472 610 1525 bitorem
629 1489 674 1541 per
693 1471 876 1526 liberationem
895 1489 946 1543 que
965 1473 1137 1542 preiudicaret
1154 1473 1179 1526 ei
1197 1473 1240 1525 cui
1259 1483 1346 1525 essent
1364 1471 1663 1541 iuracessaEtinquo-

498 1560 562 1613 libet
580 1561 758 1630 predictorum
777 1576 886 1614 casuum
904 1572 1027 1614 tractatus
1045 1561 1273 1631 qualitercumque
1290 1561 1324 1614 sit
1334 1559 1478 1614 celebratus
1490 1560 1548 1630 ipso
1559 1558 1618 1612 iure
1628 1559 1662 1612 sit

497 1648 593 1701 nullus.
607 1648 641 1700 Et
652 1648 681 1700 in
693 1648 783 1718 aliquo
797 1663 852 1701 non
865 1648 1008 1718 preiudicet
1020 1649 1126 1719 proprio
1139 1649 1253 1718 emptori
1271 1648 1414 1702 donatorio
1432 1647 1474 1700 uei
1493 1647 1660 1700 cessionario

495 1791 548 1858 45.
572 1771 622 1836 De
645 1769 859 1838 contractibus
883 1769 974 1838 factis
996 1787 1070 1858 post
1093 1769 1244 1838 delicmm
1268 1772 1454 1838 comissum.

530 1878 598 1930 Item
616 1877 752 1930 Statutum
771 1889 817 1942 est,
836 1879 907 1948 quod
926 1877 1000 1930 nulla
1018 1893 1130 1946 persona
1148 1890 1289 1948 postquam
1307 1877 1416 1950 aliquod
1435 1875 1562 1930 delictum
1580 1877 1662 1930 comi-

496 1967 557 2018 serit
575 1965 656 2036 possit
674 1965 789 2018 alienare
807 1966 849 2018 uel
869 1965 988 2034 obligare
1005 1965 1104 2034 aliquid
1122 1965 1156 2018 de
1175 1965 1251 2018 bonis
1269 1965 1323 2018 suis
1342 1964 1486 2018 mobilibus
1503 1963 1548 2018 uel
1566 1965 1662 2018 immo-

496 2054 591 2105 bilibus
609 2054 636 2105 iu
656 2053 829 2123 preludin'utn
848 2054 917 2106 dine
927 2053 1106 2106 Comunitatis
1117 2053 1226 2122 Bugelle
1235 2066 1366 2124 quantum
1379 2065 1417 2106 est
1430 2055 1463 2108 ad
1476 2053 1661 2108 executionem

496 2143 744 2211 condempnationis
763 2142 796 2194 de
814 2159 845 2194 ea
864 2159 974 2210 persona
993 2141 1059 2194 sacte
1078 2141 1121 2194 uel
1140 2141 1234 2194 fiende.
1254 2142 1326 2194 Etsi
1346 2141 1483 2194 contrabat
1495 2142 1522 2194 id
1535 2141 1662 2194 habentius

496 2231 553 2298 ipso
572 2230 629 2280 iure
648 2245 695 2298 pro
715 2228 821 2290 iniectu,
831 2242 961 2297 quantum
980 2230 1012 2280 ad
1031 2229 1129 2280 dictam
1140 2229 1340 2282 comunitatem.
1354 2229 1387 2281 Et
1405 2229 1457 2282 hoc
1476 2229 1557 2282 mmm
1567 2229 1661 2280 babeat

496 2317 586 2368 locum
605 2333 652 2386 pro
672 2315 746 2368 taleis
764 2329 790 2368 et
809 2315 889 2368 fodris
908 2329 934 2368 et
952 2315 1010 2385 alijs
1028 2317 1153 2369 oneribus
1171 2317 1294 2369 comunis
1312 2316 1500 2386 persoluendis.

494 2439 547 2524 46.
571 2439 621 2504 De
644 2459 726 2525 pena
749 2439 935 2525 occupantis
960 2441 1199 2526 possessionem
1224 2439 1370 2508 alienam.

529 2545 600 2600 Item
618 2557 746 2598 statutum
765 2558 803 2598 est
821 2545 892 2615 quod
911 2545 933 2597 si
952 2545 1039 2615 aliqua
1058 2563 1169 2615 persona
1184 2547 1352 2616 occupauerit
1365 2546 1409 2600 ucl
1422 2546 1548 2600 inusserit
1563 2561 1661 2616 pomes·

495 2633 600 2686 sionem
618 2631 703 2686 aliene
721 2633 764 2701 (1)
779 2633 816 2685 rei
829 2632 983 2686 immobilis.
1003 2633 1223 2704 Condampuetur
1240 2634 1268 2686 in
1288 2633 1360 2686 libris
1379 2636 1471 2688 decem
1486 2634 1661 2704 papiensium,

495 2720 656 2790 applicandis
675 2719 784 2772 comuni
803 2720 920 2790 Bugelle‚
939 2733 966 2774 et
984 2721 1051 2773 ultra
1070 2721 1122 2773 hoc
1140 2722 1272 2775 subiaceat
1290 2722 1364 2791 penis
1383 2721 1518 2792 legalibus

496 2864 548 2928 47.
572 2843 622 2910 De
645 2864 727 2930 pena
749 2845 891 2931 rupentis
913 2842 969 2932 (2)
993 2865 1104 2932 pacem
1127 2842 1296 2910 fidenciam
1318 2843 1372 2911 uel
1393 2843 1593 2932 trehugham.

530 2950 598 3002 ltem
617 2961 744 3002 statutum
762 2950 890 3020 estquod
909 2950 931 3002 si
950 2949 1009 3020 quis
1028 2950 1264 3020 rumperitpncem
1283 2949 1423 3004 lidenciam
1451 2951 1494 3004 uel
1520 2949 1661 3021 treughnm

495 3038 538 3091 uel
562 3039 644 3108 ipsam
664 3055 719 3091 uon
739 3039 918 3092 obsentauerit
936 3055 1017 3108 quam
1036 3037 1124 3092 lecerit
1142 3055 1204 3092 cum
1231 3039 1319 3109 aliqua
1348 3056 1459 3108 persona
1490 3039 1600 3092 comuni
1618 3039 1660 3093 uel

496 3126 610 3196 collegio
627 3125 766 3180 occasione
784 3126 894 3179 alicuius
909 3126 1010 3180 offense
1023 3127 1147 3196 puniatur
1159 3144 1205 3196 pro
1218 3128 1373 3196 percusione
1386 3128 1428 3180 uel
1447 3126 1530 3180 leruta
1549 3127 1592 3180 uel
1610 3126 1661 3180 alia

495 3213 643 3268 offensione
662 3214 791 3284 personali
810 3227 899 3268 secuta
917 3215 945 3267 in
965 3216 1020 3284 ipsa
1039 3215 1161 3284 ruptione
1180 3215 1250 3284 pacis
1269 3213 1377 3268 lidentie
1392 3215 1434 3268 uel
1447 3213 1559 3286 treughe
1571 3231 1662 3268 secun-

495 3303 561 3356 dum
579 3302 693 3356 formam
712 3315 870 3356 statutorum
888 3304 1007 3371 superius
1026 3303 1058 3355 de
1077 3301 1164 3355 lrurtis
1174 3302 1215 3373 (3)
1228 3314 1254 3355 et
1266 3303 1477 3372 percussionibus
1489 3303 1661 3375 loquencium

495 3390 529 3443 Et
547 3390 614 3444 ultra
631 3390 684 3443 hoc
702 3391 730 3443 in
749 3390 821 3444 libris
840 3403 955 3454 centum,
974 3389 1147 3460 papiensium.
1158 3390 1242 3442 Cuius
1252 3407 1319 3460 pene
1337 3391 1464 3444 medietas
1483 3392 1621 3464 proueniat
1633 3393 1661 3445 in

495 3495 611 3532 comune
629 3478 739 3548 Bugelle
758 3477 800 3530 uel
819 3477 870 3530 alia
888 3478 1015 3530 medietas
1034 3476 1062 3529 in
1081 3476 1222 3530 offensum.
1241 3478 1274 3530 Et
1293 3478 1344 3530 hoc
1356 3479 1378 3530 si
1390 3477 1491 3532 offensa
1503 3479 1575 3532 illata
1584 3472 1669 3532 fuerit

496 3566 523 3619 in
543 3584 661 3636 persona.
680 3566 709 3619 Si
728 3581 792 3618 uero
811 3565 889 3618 suerit
907 3582 956 3634 pax
975 3577 1001 3617 et
1019 3565 1131 3634 treugha
1149 3582 1196 3618 seu
1215 3564 1323 3618 fidentia
1348 3566 1456 3636 dampni
1484 3566 1614 3621 inferendi
1633 3567 1660 3619 in

496 3654 572 3706 bonis
591 3653 634 3706 uel
653 3653 730 3706 rebus
748 3653 872 3722 puniatur
890 3653 918 3704 in
938 3652 1009 3704 libris
1027 3652 1220 3722 quinquaginta
1239 3653 1413 3721 papiensium.
1434 3653 1518 3708 Cuius
1536 3655 1663 3708 medietas

495 3740 631 3810 perueniat
649 3741 676 3793 in
696 3757 811 3794 comune
830 3739 939 3810 Bugelle
958 3751 985 3792 et
1002 3739 1053 3792 alia
1072 3739 1199 3792 medietas
1218 3741 1355 3810 perueniat
1373 3740 1401 3793 in
1421 3740 1554 3794 offensum
1572 3753 1598 3794 et
1616 3741 1661 3794 ni-

495 3829 657 3882 chilominus
675 3841 795 3882 teneatur
813 3828 846 3882 ad
864 3827 1058 3880 restitutionem
1077 3827 1187 3898 dampni
1208 3826 1258 3898 ipsi
1276 3826 1380 3882 offenso
1398 3829 1480 3899 pactis
1501 3829 1662 3883 conuentio-

495 3917 573 3970 nibus
591 3929 617 3969 et
635 3916 849 3987 stipulationibus
868 3916 949 3969 etiam
967 3915 1104 3986 penalibus
1123 3927 1149 3968 et
1167 3915 1240 3968 initis
1258 3915 1286 3968 iu
1305 3927 1441 3970 connactu
1459 3917 1530 3988 pacis
1552 3917 1664 3988 treugbe

496 4005 537 4058 uel
557 4005 665 4057 fidentie
681 4007 710 4058 in
729 4021 781 4060 suo
801 4004 933 4058 firmitatis
951 4005 1047 4057 robore
1065 4004 1250 4074 permensuris.

522 4165 549 4216 (ι)
566 4164 668 4203 Verbum:
682 4163 756 4203 alim.-
770 4177 805 4216 per
819 4165 900 4216 signnm
915 4163 934 4201 iu
950 4163 1027 4202 codicis
1042 4164 1132 4214 margine
1147 4163 1265 4202 adnotatum
1280 4173 1319 4202 est.

521 4237 553 4286 (ai
568 4235 591 4273 ln
606 4234 698 4287 exemplo
712 4235 833 4274 chartaceo:
848 4234 957 4287 rumpentis.

523 4307 550 4358 (3)
566 4305 600 4344 ld:
612 4303 680 4358 sertis.
