3918 5554
1372 541 1424 596 ²59

290 663 314 717 7.
334 648 401 702 Item
419 659 547 702 statutum
566 660 606 702 εει
624 647 705 712 Quod
725 647 856 703 Consules
873 659 1014 704 teneantur
1031 665 1064 702 ει
1083 663 1176 703 εοιιιιιι
1200 661 1366 703 sacramento
1387 649 1426 720 ire

253 751 316 789 cum
335 735 382 788 illo
400 737 445 806 qui
464 736 542 790 debet
560 736 665 806 exigere
684 736 861 791 Consortium
880 737 913 790 ad
940 735 1103 808 exigendum
1127 737 1228 791 dictum
1248 735 1425 792 Consortium

255 835 281 876 ιι
299 821 383 876 iacere
401 822 496 878 fortem
524 823 602 894 jllum
628 825 674 895 qui
701 826 779 878 debet
805 824 911 892 exigere
941 823 1042 878 dictum
1061 823 1229 878 consorcium
1248 823 1335 878 taliter
1353 825 1426 896 quod

255 911 342 982 ipsum
361 911 457 982 exigat.
476 911 509 965 Ει
527 911 580 965 hoc
598 911 681 964 lacere
694 924 833 965 teneantur
845 911 912 964 infra
924 923 985 966 octo
999 911 1054 966 dies
1066 924 1126 982 post
1138 923 1258 966 sanctum
1271 911 1425 966 Martinum.

291 1069 316 1122 8.
335 1069 402 1124 Item
421 1081 548 1124 statutum
567 1083 606 1124 est
620 1071 693 1141 quod
709 1070 840 1125 Consules
853 1071 951 1124 texarie
964 1083 1103 1125 teneantur
1114 1083 1141 1124 et
1153 1071 1313 1140 debenesire
1323 1069 1426 1140 publice

255 1157 331 1210 omni
350 1173 422 1211 anno
440 1159 473 1211 ad
492 1160 603 1212 domum
622 1159 762 1212 cuiuslibet
789 1158 913 1212 Textoris
931 1158 1041 1228 Bugelle
1059 1159 1091 1212 ad
1111 1159 1320 1212 recerchandum
1341 1169 1367 1212 et
1386 1160 1425 1228 jn·

255 1245 415 1316 quirendum
433 1263 528 1300 omnes
547 1263 684 1300 mensuras
702 1257 728 1300 ει
746 1261 840 1299 οιιιιιεε
859 1247 930 1299 axias
948 1246 1028 1316 officii
1048 1247 1155 1310 terarie,
1174 1259 1226 1300 tres
1244 1247 1301 1300 uies
1314 1247 1341 1300 in
1354 1263 1426 1300 anno

256 1345 283 1386 et
300 1333 359 1404 plus
377 1335 410 1388 ad
429 1351 522 1388 eorum
542 1335 652 1388 liberam
672 1335 847 1398 uoluntatem,
866 1335 900 1388 Et
917 1333 939 1387 si
957 1333 1122 1389 inueniretur
1131 1335 1218 1406 aliqua
1230 1335 1347 1388 orditura
1361 1333 1424 1388 salsa

256 1420 342 1476 soluat
361 1423 479 1476 bannum
498 1439 545 1494 pro
564 1422 682 1494 quolibet
700 1434 726 1476 et
743 1421 860 1494 qualibet
879 1423 937 1476 uice
955 1421 1109 1477 Solidorum
1128 1421 1183 1478 Lis
1197 1423 1370 1494 papiensium.

292 1577 317 1630 9.
336 1562 403 1616 Item
422 1575 549 1620 statutum
568 1577 607 1618 εει
625 1564 697 1634 quod
715 1565 826 1634 quilibet
844 1564 970 1634 magister
987 1577 1107 1618 teneatur
1124 1563 1228 1620 soluere
1246 1561 1425 1620 Consortium

257 1647 283 1701 in
303 1648 370 1702 sesto
388 1652 470 1704 sancti
489 1653 616 1722 Stephani
635 1665 696 1706 ante
714 1653 831 1705 terciam.
850 1651 922 1704 Etsi
942 1669 997 1706 non
1018 1653 1127 1707 soluerit
1151 1665 1212 1706 ante
1226 1653 1318 1706 tercias
1337 1651 1424 1706 soluat

257 1749 318 1790 ante
337 1754 463 1808 vesperas,
483 1740 515 1794 Et
533 1740 554 1793 si
574 1757 628 1794 non
648 1739 757 1794 soluen't
774 1753 836 1794 ante
853 1757 972 1811 vesperas
984 1742 1057 1813 quod
1069 1741 1200 1796 Consules
1215 1753 1353 1796 teneantur
1371 1757 1428 1794 om·

258 1823 336 1877 nibus
356 1841 410 1878 non
430 1827 594 1881 soluentibus
612 1828 713 1881 dictum
732 1827 910 1882 Consortium
923 1844 1014 1899 capere
1023 1829 1061 1882 eis
1074 1830 1185 1884 tercium
1195 1841 1221 1884 ει
1239 1845 1302 1883 eum
1314 1829 1426 1882 retinere

258 1929 396 1984 quousque
405 1914 514 1968 soluerit
524 1933 573 1969 nec
591 1915 687 1986 aliqujs
705 1917 787 1987 possit
804 1917 842 1968 'eis
861 1929 958 1970 uetare.
977 1917 1073 1987 Ecqui
1092 1917 1197 1982 vetabit,
1216 1917 1309 1971 Soiuat
1327 1917 1427 1970 solidos

258 1999 290 2069 lJ.
310 2001 475 2071 papiensium
494 2019 541 2072 pro
560 2003 675 2075 qualibet
694 2003 753 2058 uice
772 2016 797 2058 et
824 2003 889 2058 vltra
920 2004 972 2058 hoc
1003 2003 1089 2058 soluat
1108 2005 1226 2058 bannum
1244 2003 1421 2059 Consorcium

260 2101 286 2141 ιι
305 2105 350 2160 ρει
368 2105 462 2144 eorum
480 2103 683 2146 sacramentum.

298 2242 337 2283 ιο.
358 2229 428 2284 Item
448 2241 575 2286 statutum
594 2233 723 2304 estquod
742 2232 873 2287 Consules
895 2232 993 2287 tenarie
1005 2233 1106 2304 possins
1119 2231 1201 2287 iacere
1214 2231 1344 2287 rationem
1356 2233 1426 2286 inter

260 2333 306 2369 eos
324 2317 357 2370 de
375 2333 469 2371 eorum
488 2317 576 2374 officio
607 2320 740 2391 usquead
759 2320 858 2374 solidos
885 2319 918 2374 V.
940 2319 1106 2392 papiensium
1125 2333 1152 2376 ει
1170 2319 1254 2376 iacere
1271 2333 1423 2392 preceptum

262 2405 395 2475 usquead
414 2404 513 2462 solidos
532 2406 564 2462 V.
584 2409 749 2480 papiensium
775 2409 826 2480 (1).

298 2561 338 2599 11.
357 2545 425 2598 item
443 2558 570 2600 statutum
589 2561 628 2602 est
646 2549 718 2619 quod
737 2548 848 2620 quilibet
865 2561 951 2603 textor
968 2559 1089 2602 tenesmr
1107 2559 1133 2602 ει
1151 2549 1244 2602 debeat
1261 2549 1337 2603 omni
1355 2565 1429 2603 anno

260 2631 344 2686 lacere
363 2633 477 2688 Cereum
497 2652 580 2688 vnum
598 2638 632 2689 de
661 2637 727 2690 libra
755 2653 805 2690 una
833 2648 859 2690 et
886 2637 975 2691 media
993 2635 1021 2691 in
1040 2637 1084 2692 die
1102 2635 1247 2690 munitatis
1264 2637 1378 2700 domini,
1397 2639 1429 2690 Et

262 2719 338 2774 illum
356 2721 488 2775 custodire
506 2739 552 2792 per
569 2735 657 2778 totum
675 2740 778 2778 annum
795 2725 829 2778 ad
857 2725 1017 2794 portandum
1045 2723 1208 2794 Corporibus
1226 2723 1375 2778 Sociorum.
1395 2727 1428 2778 Et

262 2808 307 2877 qui
326 2807 508 2862 contrafecerit
526 2809 613 2864 soluat
631 2811 749 2866 bannum
774 2829 821 2882 pro
840 2813 959 2883 quolibet
977 2811 1124 2866 solidorum
1142 2813 1234 2866 decem
1254 2812 1428 2884 papiensium.

299 2967 338 3004 12.
358 2951 424 3006 Ιιειιι
444 2954 516 3023 quod
535 2953 583 3006 Ille
601 2953 634 3006 de
654 2954 770 3022 predimo
790 2951 913 3022 Collegio
932 2954 977 3024 qui
996 2969 1051 3007 non
1072 2952 1148 3008 fueris
1169 2953 1200 3006 ad
1220 2953 1386 3008 offerendum
1399 2954 1425 3006 in

260 3052 351 3093 sancto
369 3041 505 3109 Stephano
524 3041 616 3094 Soluat
635 3042 753 3094 bannum
772 3042 805 3094 de
823 3041 914 3094 solidis
932 3041 1036 3094 duobus
1054 3041 1227 3111 papiensium.

303 3197 342 3250 ιι.
362 3181 428 3234 item
447 3195 575 3236 statutum
594 3183 716 3253 estquod
730 3183 774 3254 qui
788 3181 865 3235 luerit
878 3183 990 3235 seruitor
1001 3193 1027 3236 et
1039 3193 1214 3234 conuentatus
1228 3181 1255 3234 in
1271 3183 1427 3236 seruitutem

262 3271 357 3323 lrabeat
377 3287 459 3322 omne
478 3271 503 3322 iel
523 3271 593 3342 quod
613 3270 636 3323 ei
657 3270 876 3324 conuentauerint
895 3269 1026 3323 Consules
1044 3269 1105 3322 dicti
1120 3269 1223 3338 paratici
1238 3271 1368 3322 seruendo
1381 3271 1428 3340 ipsi

262 3358 386 3426 Collegio
405 3360 549 3414 seeundum
570 3359 640 3428 quod
660 3358 820 3411 ordinabunt
847 3357 969 3411 consules
987 3358 1054 3410 bene
1064 3369 1089 3410 et
1103 3357 1222 3426 legaliter
1240 3373 1294 3410 non
1314 3361 1429 3428 petendo

261 3447 340 3498 aliam
360 3446 521 3498 solutionem
541 3464 621 3516 quana
641 3448 711 3516 prius
730 3447 950 3500 conuenmuerint
969 3461 1017 3500 net
1036 3447 1136 3516 possint
1149 3445 1284 3518 Colligere
1296 3461 1381 3500 ceram
1396 3447 1428 3500 ad

261 3534 360 3588 Cereos
378 3535 564 3588 custodiendos
583 3536 615 3588 ad
635 3535 730 3590 festum
750 3553 795 3608 per
812 3551 890 3588 suum
910 3537 1098 3605 juramentum.

300 3691 340 3742 ιι.
360 3677 429 3730 Ιιειιι
447 3688 575 3730 statutum
595 3689 634 3730 est
651 3678 723 3748 quod
738 3693 828 3731 cereos
837 3687 976 3731 teneantur
985 3689 1093 3748 portare
1105 3675 1229 3730 uxoribus
1242 3675 1428 3746 magistrorum

261 3765 324 3818 dicti
343 3764 457 3834 Collegij
478 3765 586 3836 quando
605 3765 779 3836 migrauerint
796 3767 828 3818 ab
847 3765 899 3819 hoc
917 3764 1014 3819 seculo.

300 3923 340 3976 15.
360 3905 430 3962 Item
450 3906 521 3978 quod
541 3905 630 3960 nulius
649 3907 682 3960 de
700 3907 817 3978 predicto
835 3905 961 3976 Collegio
973 3905 1066 3960 debeat
1079 3920 1127 3959 nec
1141 3917 1272 3976 presumat
1287 3905 1424 3960 subleuare

261 3997 378 4050 alienum
400 3995 572 4048 laboratorem
591 4009 640 4048 nec
658 3996 720 4049 dare
738 3995 762 4048 ei
782 3994 900 4050 laborem
920 3993 970 4048 nisi
988 4005 1056 4048 esset
1074 3993 1108 4050 de
1120 3993 1257 4048 uoluntate
1271 3993 1344 4047 lilius
1362 4009 1424 4048 cum

261 4103 315 4157 quo
335 4103 362 4138 se
381 4085 451 4154 prius
470 4095 631 4136 conuenerat
649 4083 682 4136 Et
709 4083 755 4154 qui
782 4083 964 4138 contrafecerit
991 4081 1077 4136 soluat
1109 4083 1227 4136 bannum
1247 4099 1294 4154 pro
1312 4083 1429 4154 qualibet

263 4174 321 4227 uice
339 4173 485 4226 solidomm
506 4171 538 4224 V.
559 4171 731 4242 papiensium.

291 4343 322 4400 (ι)
338 4345 391 4387 iluie
406 4355 484 4386 statuto
498 4346 576 4398 adjecta
590 4355 622 4388 sss
636 4345 755 4394 mmmm
767 4345 841 4402 pult.
