3978 5546
536 451 571 494 20

574 573 632 616 roo.
650 560 719 614 luem
738 569 866 615 smmnsm
883 571 923 614 est
940 559 1013 631 quod
1031 559 1154 614 consules
1171 569 1311 614 teneantur
1327 558 1463 630 inquirere
1480 559 1514 614 de
1525 559 1651 615 omnibus
1668 559 1703 615 ie-

536 648 609 705 rutis.
628 659 655 703 et
672 649 706 702 de
723 647 850 703 omuibus
868 647 976 703 hsultis
994 660 1022 703 et
1039 647 1114 703 Rixis
1132 647 1207 702 iactis
1225 663 1286 702 cum
1306 647 1407 702 Armis.

577 823 634 863 ror.
653 809 721 862 Item
739 817 868 860 statutum
886 807 1015 878 estquod
1033 807 1055 862 si
1073 808 1134 879 quis
1152 807 1276 862 formssis
1293 806 1383 861 fecerit
1400 807 1517 879 aliquam
1535 808 1705 864 risamleuu·

538 909 602 951 tsm.
621 895 665 949 uel
682 894 858 966 apiglnneism
876 894 905 948 in
924 893 1037 965 bugella.
1067 896 1140 967 quod
1169 895 1281 966 quilibet
1297 907 1418 950 teneatur
1434 911 1498 950 eum
1515 895 1573 950 siue
1590 911 1641 950 eos*
1654 913 1704 952 suo
1799 901 1802 908 '

539 1001 616 1056 posse
633 999 726 1054 capere
743 994 770 1036 et
787 981 916 1036 destituere
933 994 961 1036 et
978 983 1092 1037 domino
1109 983 1233 1054 episeopo
1252 983 1295 1036 uel
1308 983 1365 1036 eius
1377 983 1482 1038 nunciis
1494 983 1659 1055 oonn'gnare
1671 985 1705 1038 Et

539 1073 585 1144 qui
604 1073 656 1125 hoc
673 1087 730 1125 non
748 1069 838 1124 fecerit
855 1070 898 1124 uel
916 1071 962 1141 qui
980 1071 1082 1124 dederit
1099 1069 1209 1124 forciam
1229 1070 1386 1124 conscilium
1404 1071 1446 1124 vel
1461 1071 1597 1150 Juuamen·
1612 1085 1642 1126 ut
1659 1073 1705 1126 ille

540 1159 584 1213 uel
601 1157 642 1212 illi
660 1157 706 1228 qui
724 1157 839 1230 predicta
856 1157 978 1212 fecissent
997 1158 1148 1211 recederent
1159 1157 1203 1212 uel
1215 1157 1344 1229 fugerent
1355 1157 1448 1212 Soluat
1458 1159 1577 1213 bannum
1587 1175 1634 1232 pro
1644 1177 1705 1231 qua·

540 1247 604 1302 libet
622 1246 681 1300 uiee
698 1245 748 1300 sol.
766 1245 798 1300 C.
811 1259 853 1316 pp.
865 1245 900 1300 Et
911 1261 967 1300 non
980 1256 1119 1300 tenesntur
1130 1261 1179 1316 pro
1191 1245 1282 1300 uicino
1293 1262 1342 1300 nec
1356 1261 1403 1318 pro
1415 1245 1563 1302 habitatore
1581 1245 1705 1303 incientes

541 1333 951 1405 eontrapredietumststutum.

579 1487 637 1527 102.
647 1472 690 1542 (1)
702 1471 770 1526 Item
782 1483 910 1526 statutum
923 1473 1046 1542 estquod
1058 1473 1104 1544 qui
1116 1473 1212 1528 faceret
1223 1473 1342 1544 aliquam
1355 1473 1533 1544 apiglancism
1544 1491 1591 1530 seu
1600 1475 1706 1530 Risum.

541 1561 572 1615 In
591 1571 707 1614 mercato
726 1557 838 1630 bugelle
857 1559 892 1612 Et
908 1559 954 1631 qui
972 1559 1104 1631 inpediret
1122 1561 1165 1616 uel
1183 1562 1344 1616 destorberet
1360 1561 1478 1633 aliquem
1504 1562 1645 1618 hominem
1663 1580 1707 1618 ue·

541 1648 661 1702 trientem
680 1645 723 1700 uel
741 1658 863 1702 stantem.
882 1647 913 1700 ln
932 1647 990 1718 ipso
1008 1661 1125 1702 mermto
1143 1666 1190 1703 seu
1208 1650 1274 1704 Inde
1292 1650 1448 1704 redeuntem
1466 1650 1510 1704 die
1528 1651 1708 1706 merereriiaut

543 1736 586 1790 die
601 1735 676 1806 Jouis
694 1747 740 1790 aut
757 1735 801 1789 die
819 1736 923 1788 ueneris
950 1735 1037 1791 soluat
1064 1739 1182 1791 bannum
1210 1738 1259 1792 sol.
1278 1738 1333 1792 LX.
1362 1755 1403 1808 pp
1422 1739 1475 1792 nisi
1492 1751 1560 1792 esset
1577 1739 1645 1794 latro
1663 1739 1707 1794 uel

545 1825 669 1879 bannitus
682 1823 725 1878 uel
741 1822 793 1877 nisi
811 1823 941 1895 posuisset
959 1841 1054 1879 manus
1073 1825 1204 1880 uiolenter
1221 1827 1253 1880 lu
1265 1825 1356 1898 aiiquo
1369 1827 1481 1880 homine
1492 1828 1527 1882 de
1537 1827 1643 1898 bugella
1656 1829 1707 1898 (2).

581 1997 638 2053 103·
656 1983 725 2038 Item
743 1995 871 2039 statutum
889 1997 928 2038 est
947 1985 1019 2056 quod
1037 1965 1201 2056 quicumque
1232 1985 1322 2039 iecerit
1349 1985 1478 2040 insultum
1496 2002 1558 2040 cum
1577 1985 1657 2040 armis
1674 1987 1708 2040 ad

543 2071 655 2124 domum
674 2071 845 2126 habitationis
857 2071 967 2126 alicuius
985 2071 1072 2126 soluat
1090 2073 1208 2127 bannum
1227 2073 1275 2128 sol.
1295 2073 1326 2128 C.
1346 2091 1388 2146 pp.
1400 2091 1462 2128 cum
1473 2075 1553 2128 nmis
1562 2075 1605 2145 (3)
1615 2086 1641 2129 et
1650 2073 1708 2128 sine

543 2157 623 2212 armis
639 2157 688 2212 sol.
707 2157 763 2212 Lx.
781 2176 824 2230 pp.

793 2389 841 2444 DE
860 2388 1110 2445 oFFlcmLmus
1128 2389 1295 2445 COMUNlS
1314 2419 1347 2431 -
1366 2389 1397 2444 R.
1417 2389 1462 2444 Vl.

582 2579 639 2630 ros.
658 2563 793 2619 statutum
812 2575 839 2619 et
857 2565 1009 2619 ordinatum
1036 2577 1082 2619 est.
1109 2565 1182 2636 quod
1207 2581 1302 2619 omnes
1324 2563 1450 2619 officiales
1468 2577 1608 2619 teneanntr
1624 2579 1650 2619 et
1668 2566 1710 2618 de

545 2653 624 2708 besm
638 2651 729 2722 Jurare
747 2652 832 2707 iacere
850 2669 944 2707 eorum
962 2651 1081 2707 officium
1100 2654 1167 2707 bene
1185 2665 1212 2706 et
1229 2653 1349 2724 legaliter
1366 2653 1508 2724 adinplere.
1522 2653 1596 2724 quod
1613 2653 1635 2707 si
1654 2669 1709 2708 non

446 2817 452 2824 ι
544 2741 666 2795 lacerent.
686 2753 713 2795 et
730 2743 933 2814 reprobarentur
950 2759 997 2812 per
1013 2741 1135 2795 consules
1153 2743 1187 2794 de
1204 2742 1295 2812 aliquo
1313 2741 1420 2795 soluant
1449 2743 1568 2795 bannum
1586 2741 1635 2794 sol.
1654 2741 1709 2796 LX.

545 2845 587 2901 pp.
606 2829 639 2883 Et
657 2829 746 2883 banno
766 2829 863 2884 soluto
882 2830 1074 2884 nichilominus
1093 2829 1269 2882 incontinenti
1288 2846 1335 2899 per
1361 2829 1482 2883 consules
1501 2831 1667 2899 deponanntr
1684 2843 1711 2882 et

546 2929 673 2988 perpetuo
691 2932 747 2970 non
770 2917 823 2970 sint
841 2917 869 2970 in
888 2917 978 2988 aliquo
996 2917 1086 2972 officio
1104 2917 1234 2970 comunis.
1254 2917 1287 2970 Et
1311 2917 1422 2970 nomina
1435 2917 1553 2988 ipsorum
1566 2916 1711 2970 officialum

545 3006 592 3078 qui
610 3005 812 3075 reprobarentur
830 3017 964 3076 ponantur
981 3005 1009 3058 in
1028 3005 1097 3058 libro
1115 3015 1274 3058 statutorum
1292 3005 1416 3058 comunis
1442 3005 1475 3058 ud
1502 3017 1655 3076 perpetuam
1674 3005 1710 3058 rei

546 3093 713 3149 memoriam.
732 3105 759 3146 et
774 3109 821 3147 eos
839 3092 970 3164 publicare
989 3085 1017 3146 iu
1036 3093 1113 3164 plena
1131 3093 1274 3162 credentia.
1353 3081 1357 3090 ⁸

585 3271 641 3325 105.
661 3256 729 3310 Item
747 3265 875 3308 statutum
905 3265 951 3307 est
970 3254 1042 3325 quod
1061 3253 1172 3324 quilibet
1189 3254 1235 3324 qui
1262 3253 1375 3324 eligetur
1392 3253 1493 3307 consul.
1513 3253 1556 3307 uel
1575 3252 1711 3308 dnuarius.

547 3345 590 3400 uel
608 3343 729 3399 officialis
747 3341 878 3396 comunis.
897 3353 923 3394 et
941 3341 1057 3396 noluerit
1074 3359 1138 3396 esse.
1157 3341 1251 3396 Soluat
1269 3343 1388 3395 bannum
1400 3341 1448 3396 sol.
1462 3341 1517 3396 Lx
1528 3359 1570 3413 pp.
1583 3355 1610 3396 et
1623 3355 1712 3414 postea

547 3433 581 3487 sit
598 3432 725 3486 officialis.
744 3431 778 3485 de
797 3445 851 3501 quo
870 3431 959 3483 banno
976 3446 1033 3483 non
1052 3430 1133 3499 possit
1151 3430 1248 3482 habere
1266 3429 1390 3500 gruciam.
1408 3431 1442 3484 Et
1460 3447 1516 3484 non
1535 3430 1653 3500 possitne
1671 3449 1713 3484 ex·

547 3537 637 3575 cusnre
654 3519 743 3589 aliqua
761 3518 794 3571 de
812 3533 897 3570 causa.
916 3517 950 3570 de
964 3515 1027 3586 Jure
1045 3517 1088 3571 uel
1107 3517 1140 3570 de
1159 3517 1236 3604 factp.
1256 3534 1305 3570 nec
1324 3535 1370 3587 per
1387 3517 1496 3589 aliquod
1508 3530 1711 3572 sacramentum.

586 3677 643 3732 106.
661 3677 729 3730 Itu
748 3687 876 3730 statutum
894 3676 1023 3746 estquod
1042 3677 1164 3730 consules
1182 3689 1207 3730 et
1226 3676 1356 3731 clauarius
1374 3689 1400 3730 et
1418 3677 1497 3730 ceteri
1527 3675 1653 3732 officiales
1670 3677 1713 3730 de

549 3767 627 3819 beant
644 3781 672 3817 se
690 3779 783 3817 cauere
801 3779 817 3816 a
835 3763 937 3816 bannis.
956 3775 983 3815 et
1000 3763 1022 3816 si
1041 3764 1100 3834 quis
1120 3764 1239 3834 ipsorum
1250 3765 1359 3836 aliquod
1372 3765 1490 3819 bannum
1500 3763 1613 3836 fregeris
1627 3764 1713 3818 soluat

576 4049 603 4100 (ι)
619 4047 717 4090 Rubricse
731 4059 775 4102 esp.
784 4059 836 4101 quse
847 4045 998 4100 subsequuntur
1006 4045 1096 4086 miniatis
1104 4043 1168 4085 literis
1178 4043 1290 4084 initialibus
1300 4055 1367 4084 esrem
1377 4045 1491 4099 scriptique
1501 4044 1604 4099 posterius
1611 4043 1714 4084 videntur.

578 4119 605 4171 (s)
620 4118 675 4160 inter
687 4131 731 4172 esp.
742 4129 778 4159 sos
793 4127 813 4158 et
825 4128 861 4168 uoq
876 4116 1009 4158 dissimilibus
1023 4117 1121 4171 scriptum
1135 4125 1165 4156 est
1183 4115 1262 4156 literis:
1280 4113 1331 4155 Nora
1345 4114 1391 4168 qued
1403 4115 1424 4154 s's
1438 4115 1540 4170 ulsoeipta
1549 4109 1631 4156 Rubria
1644 4113 1667 4155 ds
1675 4113 1714 4169 offi-

550 4189 627 4231 einlilm
636 4189 656 4228 ie
664 4187 735 4230 διαί-ω
743 4187 791 4230 m
805 4193 831 4228 ssi
843 4199 900 4227 tstssss
910 4193 997 4227 mlum
1009 4188 1104 4241 persistatis
1113 4185 1139 4226 sd
1148 4185 1238 4240 lsuspilsls
1250 4193 1266 4226 el
1280 4188 1317 4240 ejus
1331 4186 1398 4224 mss
1412 4191 1488 4225 sum.
1502 4183 1554 4226 sude
1568 4199 1613 4240 esp.
1631 4195 1675 4236 1²4.

579 4260 606 4312 (3)
621 4258 661 4299 Sub
675 4257 757 4300 serbis:
774 4257 822 4300 aa
836 4258 909 4298 emis.-
923 4256 999 4297 lineola
1013 4257 1073 4298 dutts
1087 4267 1126 4307 est,
1141 4257 1166 4296 sd
1180 4267 1250 4298 eorum
1265 4256 1345 4297 lituram
1360 4255 1515 4297 ostendendum.
