3978 5546
563 512 595 568 50

560 635 609 674 nec
627 619 720 673 debeat
738 617 817 689 recipi
835 618 863 672 in
882 617 1058 672 habitatorem
1076 615 1199 671 comunis
1226 617 1338 688 bugella
1366 616 1429 671 hinc
1446 617 1480 671 ad
1498 615 1563 672 XX
1581 633 1675 672 annos.
1694 627 1721 673 et

559 708 581 762 si
598 707 680 779 aliqui
699 707 875 778 reciperentur
891 705 961 762 Infra
979 706 1079 762 dictum
1097 707 1242 762 terminum
1260 721 1308 779 pro
1335 705 1525 761 habitatoribus
1551 721 1607 760 non
1634 706 1720 762 habe·

558 807 636 851 antur
653 811 703 850 nec
720 805 867 850 teneantur.

595 934 654 989 261.
673 936 741 989 Item
759 945 887 988 statutum
904 945 943 988 est
961 935 1032 1004 quod
1051 933 1242 988 omnishomo
1260 935 1306 1004 qui
1324 933 1482 988 habitauerit
1505 934 1533 987 in
1552 933 1657 1006 bugella
1675 931 1720 988 uel

558 1038 637 1093 super
654 1023 710 1097 eius
727 1021 867 1076 territorio.
885 1039 909 1074 a
927 1020 986 1075 XV.
1005 1023 1081 1075 annis
1099 1037 1182 1092 usque
1200 1022 1241 1075 ad.
1252 1021 1339 1074 LXX.
1358 1020 1435 1075 saciat
1453 1033 1480 1074 et
1497 1023 1566 1091 juret
1583 1021 1719 1092 sequelam

557 1110 600 1179 (1)
618 1110 650 1164 In
668 1110 790 1164 manibus
808 1109 949 1196 consulpm
967 1107 1089 1163 comunis
1107 1109 1197 1180 etqui
1215 1124 1275 1162 eam
1293 1124 1349 1161 non
1367 1107 1457 1161 iecerit
1474 1119 1533 1178 post
1550 1125 1631 1180 quam
1656 1125 1717 1180 pre-

557 1199 706 1252 conizatum
724 1196 802 1252 fuerit
819 1197 907 1252 soluat
924 1198 1043 1250 bannum
1061 1195 1110 1250 sol.
1129 1196 1161 1249 11.
1193 1212 1241 1266 pro
1259 1195 1375 1266 qualibet
1392 1195 1523 1249 edomada
1540 1212 1593 1266 qua
1610 1197 1717 1250 steterit.

556 1297 583 1340 et
600 1297 690 1356 postor
708 1303 768 1340 eam
786 1284 864 1338 faciat
880 1297 908 1339 et
925 1282 1046 1338 consules
1063 1295 1202 1337 teneantur
1219 1283 1288 1336 dicta
1306 1283 1393 1336 banna
1423 1295 1544 1336 excutere
1561 1281 1636 1336 inira
1655 1283 1717 1337 XV.

556 1374 622 1428 dies.
641 1385 668 1426 et
685 1388 741 1426 non
759 1372 861 1442 possint
878 1373 940 1426 dare
958 1370 1096 1424 licenciam
1114 1371 1194 1425 alicui
1212 1383 1239 1424 et
1256 1382 1395 1424 teneantur
1407 1369 1440 1423 de
1453 1369 1574 1441 predictis
1585 1370 1718 1441 inquirere

556 1461 599 1530 (2)
617 1472 644 1514 et
660 1460 773 1514 debeant
789 1460 878 1512 iurare
895 1458 967 1529 quod
986 1474 1042 1512 non
1060 1459 1164 1528 capient
1181 1475 1230 1512 nec
1248 1458 1389 1530 portabunt
1406 1457 1440 1510 de
1467 1456 1550 1510 bladis
1573 1459 1642 1528 rapis
1659 1459 1717 1512 vuis

555 1547 681 1602 fructibus
698 1548 822 1601 arborum
841 1547 874 1599 de
891 1544 954 1599 feno
972 1562 1021 1598 nec
1039 1547 1099 1598 erba
1118 1546 1151 1599 de
1169 1546 1248 1616 lignis
1266 1547 1419 1600 nemoribus
1437 1547 1514 1602 rebus
1532 1547 1654 1601 comunis
1672 1549 1719 1601 bu·

555 1635 625 1705 pelle
643 1650 693 1688 nec
709 1633 819 1688 alicuius
837 1632 956 1687 hominis
974 1632 1007 1686 dc
1025 1631 1130 1703 bugella
1147 1649 1225 1702 super
1236 1634 1307 1686 curia
1319 1645 1345 1687 et
1357 1634 1474 1688 districtu
1487 1634 1600 1704 bugella
1610 1646 1637 1688 et
1645 1633 1717 1706 quod

556 1738 612 1776 non
630 1722 730 1776 dabunt
748 1719 912 1775 conscilium.
931 1719 1069 1774 auxilium.
1088 1719 1202 1773 bannitis
1220 1719 1283 1773 dicti
1301 1721 1423 1774 comunis
1441 1721 1501 1774 etsi
1516 1721 1633 1775 uiderint
1649 1721 1716 1775 alios

556 1809 594 1865 cis
612 1809 703 1864 dantes
721 1810 792 1880 ipsos
810 1819 949 1862 teneantur
966 1824 1012 1878 per
1029 1823 1123 1860 eorum
1141 1807 1183 1876 (3)
1202 1819 1395 1862 sacramentum
1414 1824 1555 1862 recusam

590 1948 651 2004 262.
669 1948 737 2003 Item
755 1960 882 2003 statutum
901 1947 1029 2019 estquod
1047 1947 1069 2000 si
1088 1946 1175 2018 aliqua
1193 1963 1305 2017 persona
1334 1947 1367 2001 de
1394 1947 1500 2019 bugella
1527 1947 1717 2019 cuiuscumque

555 2037 661 2107 paratici
679 2036 736 2090 siue
753 2035 868 2105 collegii.
886 2033 944 2087 siue
961 2033 1093 2087 mestralic
1110 2034 1151 2087 sit
1170 2034 1228 2088 siue
1245 2035 1279 2087 de
1296 2036 1427 2105 massariis
1439 2035 1466 2088 et¹
1478 2035 1605 2090 bubulcis.
1615 2036 1672 2090 siue
1683 2037 1717 2090 de

555 2125 672 2193 notariis.
691 2123 734 2177 uel
753 2122 786 2175 de
804 2122 913 2192 becarijs
930 2121 974 2174 uel
992 2122 1026 2174 de
1043 2122 1231 2175 mercatoribus
1249 2121 1292 2175 uel
1310 2123 1344 2175 de
1362 2123 1497 2194 calegarijs
1524 2123 1567 2176 uel
1586 2124 1619 2176 de
1637 2123 1716 2194 pelli-

555 2211 639 2280 carijs.
657 2221 703 2263 aut
721 2211 754 2263 de
771 2209 911 2262 tectoribus
929 2208 1007 2262 suerit
1024 2209 1199 2262 inhobediens
1218 2209 1262 2263 uel
1274 2210 1377 2263 rebellis
1389 2227 1438 2264 suo
1451 2210 1585 2281 paraticho
1597 2211 1655 2264 siue
1666 2211 1717 2264 col·

555 2297 627 2369 legio
645 2309 671 2352 et
688 2296 804 2350 noluerit
821 2296 955 2350 attendere
973 2309 999 2349 et
1017 2298 1155 2350 obseruare
1173 2309 1268 2351 statuta
1286 2311 1313 2351 et
1331 2299 1514 2352 ordinamenta
1541 2300 1582 2352 sui
1601 2298 1715 2369 collegii.

555 2387 625 2440 iusta
643 2398 669 2439 et
687 2383 879 2438 racionabiliter
898 2384 964 2438 sacta
982 2397 1008 2438 et
1026 2402 1071 2455 per
1089 2401 1205 2438 comune
1222 2387 1346 2456 aprobata
1364 2385 1457 2440 eterit
1475 2387 1651 2440 inhobediens
1663 2403 1717 2456 pre·

554 2475 635 2544 ceptis
652 2489 762 2527 suorum
780 2471 928 2526 consulum.
947 2473 1017 2526 Iuste
1035 2473 1072 2526 eis
1091 2470 1164 2526 factis
1182 2489 1237 2525 non
1256 2485 1376 2527 teneatur
1393 2491 1442 2527 nec
1460 2474 1587 2528 habeatur
1605 2490 1652 2543 pro
1670 2475 1715 2527 ui-

555 2561 624 2614 cino.
643 2573 682 2614 set
700 2560 733 2613 sit
751 2559 884 2612 exculssus
902 2560 934 2613 ab
953 2560 1028 2612 omni
1046 2561 1162 2615 comodo
1181 2573 1207 2614 et
1224 2560 1335 2614 vtilitnte
1353 2562 1475 2614 comunis
1493 2578 1542 2614 nec
1554 2562 1587 2614 sit
1599 2579 1648 2615 nec
1660 2579 1717 2614 esse

555 2648 648 2702 debeat
665 2649 699 2702 de
725 2646 853 2702 conscilio
880 2663 928 2700 nec
955 2648 989 2700 de
1007 2648 1141 2700 credencia
1170 2665 1219 2701 nec
1237 2649 1329 2702 debeat
1358 2649 1455 2702 habere
1472 2649 1579 2719 aliquod
1597 2650 1715 2704 officium

554 2735 684 2790 comunis.
702 2736 736 2788 Et
753 2735 806 2789 hoc
823 2732 992 2804 intelligamr.
1012 2734 1063 2786 nisi
1081 2735 1149 2788 dicta
1167 2747 1264 2789 statuta
1290 2748 1317 2788 et
1333 2737 1518 2790 ordinamenta
1546 2748 1632 2791 essent
1650 2737 1716 2791 lacta

554 2835 645 2876 contra
663 2823 795 2877 honorem
813 2834 840 2876 et
857 2821 997 2876 vtilinttcm
1015 2824 1136 2876 comunis
1154 2836 1181 2877 et
1199 2823 1342 2877 hominum
1361 2823 1474 2894 bugella

589 2980 648 3050 263.
667 2982 735 3035 Item
753 2991 879 3034 statutum
898 2993 937 3034 cst
955 2981 1027 3051 quod
1045 2981 1137 3034 onmia
1154 2992 1251 3034 statuta
1268 2993 1295 3034 et
1313 2981 1497 3034 ordinamenta
1527 2981 1647 3034 cuislibet
1665 2998 1714 3052 pa-

554 3070 627 3123 ratici
645 3069 701 3122 siue
719 3068 823 3138 collegii
844 3069 956 3122 debeant
974 3069 1016 3137 (4)
1036 3069 1088 3138 legi
1107 3069 1135 3121 in
1153 3069 1256 3138 publica
1274 3068 1418 3121 credencia
1437 3080 1464 3122 et
1490 3079 1554 3122 tunc
1580 3068 1617 3121 ibi
1635 3086 1715 3138 apro-

555 3158 650 3210 bantur
667 3168 762 3210 statuta
781 3157 970 3209 conuenientia
988 3169 1014 3210 et
1033 3156 1110 3209 bona.
1129 3168 1155 3208 et
1173 3155 1302 3208 contraria
1320 3168 1453 3208 cassantur
1471 3168 1497 3209 et
1515 3157 1648 3210 irritentur
1665 3157 1716 3224 (4).

553 3247 586 3299 Et
603 3245 675 3315 quod
693 3243 758 3297 illud
777 3245 922 3314 paraticum
939 3244 997 3297 siue
1023 3243 1165 3312 collegium
1193 3243 1265 3312 quod
1284 3242 1378 3296 faceret
1396 3243 1464 3296 inter
1491 3260 1519 3295 se
1537 3243 1625 3313 aliqua
1643 3255 1716 3312 pacta

552 3333 609 3385 siue
627 3331 822 3385 conuentionis
840 3343 930 3384 contra
949 3347 980 3382 ea
999 3347 1050 3400 que
1068 3330 1261 3399 preciperentut
1280 3347 1324 3400 per
1342 3331 1463 3384 consules
1481 3331 1611 3384 comunis.
1630 3330 1716 3398 soluat

552 3420 680 3474 bannum.
700 3420 747 3473 sol.
767 3419 825 3472 LX.
838 3435 881 3488 pp.
898 3435 946 3488 pro
964 3418 1081 3489 qualibet
1099 3418 1228 3471 edomada
1246 3435 1297 3488 qua
1310 3417 1543 3488 perseuerarentei
1561 3430 1650 3489 postea
1663 3419 1715 3471 sint

551 3525 622 3562 cassa
640 3520 667 3560 et
684 3506 762 3562 irrita.
781 3507 814 3560 Et
832 3505 953 3559 consules
971 3517 1109 3560 teneantur
1126 3505 1211 3559 sacerc
1228 3506 1280 3576 legi
1300 3506 1345 3560 illa
1362 3519 1457 3560 statuta
1469 3505 1536 3560 infra
1549 3507 1716 3561 arduitatem

552 3596 663 3650 domini.

590 3735 648 3801 264.
669 3736 736 3789 Item
755 3745 883 3788 statutum
902 3736 1030 3804 estquod
1049 3751 1143 3788 omnes
1161 3735 1261 3805 olearij.
1281 3736 1326 3806 qui
1344 3735 1463 3789 habitant
1481 3736 1510 3788 in
1529 3735 1634 3806 bugella
1646 3748 1717 3789 terre·

553 3837 631 3878 antur
648 3835 675 3877 et
692 3823 805 3877 debeant
823 3823 910 3893 primo
928 3822 1013 3876 facere
1030 3823 1119 3876 oleum
1132 3822 1287 3878 hominibus
1298 3825 1330 3878 de
1342 3823 1455 3893 bugella.
1465 3840 1546 3894 quam
1557 3823 1716 3878 forenssibus

578 4015 605 4066 (ι)
621 4015 643 4054 la
657 4013 764 4053 verborum
778 4023 873 4053 contextu
887 4013 961 4066 legitur
974 4026 1070 4066 quoqne:
1085 4013 1109 4053 Et
1122 4014 1234 4062 saluitalern,
1248 4027 1300 4066 quae
1314 4015 1408 4067 deinceps
1422 4013 1482 4054 verba
1496 4013 1562 4053 delete
1576 4023 1632 4053 sunt.

576 4084 644 4135 (2)1n
659 4084 698 4122 boc
712 4083 794 4135 capituli
809 4084 864 4131 loco,
879 4095 939 4136 atque
954 4084 1008 4135 juxta
1022 4083 1132 4136 capitulum
1147 4084 1213 4136 ipsum
1227 4086 1323 4136 scriptum
1337 4095 1382 4124 est:
1398 4085 1464 4124 Perdet
1473 4097 1484 4123 a
1493 4084 1547 4123 terito
1554 4085 1620 4137 jurant
1629 4083 1715 4136 inferias.

579 4155 607 4205 (ς)
622 4137 686 4205 Super
699 4153 842 4204 subsequentia
856 4154 917 4192 uerba
930 4155 1027 4206 scriptum
1041 4163 1086 4192 est:
1106 4153 1172 4192 Vacat.

577 4226 606 4274 (4)
621 4225 651 4274 (4)
666 4221 839 4275 suprascriptum
853 4233 898 4262 est:
917 4223 981 4261 Vacat.
996 4223 1072 4262 Contra
1085 4235 1133 4262 vcro
1148 4224 1253 4276 juxtacap.
1269 4223 1325 4272 haec,
1340 4237 1391 4276 quae
1399 4225 1518 4276 posterioris
1533 4225 1576 4262 reri
1591 4232 1630 4270 est,
1645 4223 1707 4262 verbo

552 4307 596 4334 tum
610 4294 696 4334 vertera
711 4293 789 4331 existit:
807 4292 884 4331 littori
898 4294 917 4330 ia
931 4291 1023 4332 amicicia
1036 4299 1052 4331 el
1065 4294 1192 4332 examinentur
1202 4299 1236 4345 pu
1249 4295 1337 4345 sapimtrs
1350 4295 1432 4333 comunis
1445 4293 1467 4332 de
1477 4299 1559 4346 prerepto
1573 4292 1675 4332 mudum.
