3978 5546
1387 531 1395 543 ⁸
1417 517 1429 570 5

259 629 327 684 mini
346 629 462 700 episcopi
480 629 526 701 qui
544 641 669 700 preenmt
686 629 719 684 ad
746 627 877 682 iusticiam
908 627 1069 682 reddendam
1096 627 1209 682 debeant
1232 627 1323 698 Jumre
1341 629 1384 698 (r)
1402 627 1430 682 in

260 719 394 790 presencia
411 717 554 773 consulum
572 729 599 772 et
616 717 734 788 conscili)
754 715 878 770 comunis
896 713 1001 788 bugelle
1019 715 1164 788 unicuique
1187 731 1299 787 persone
1317 715 1386 770 bene
1404 727 1431 771 et

260 807 381 878 legaliter
398 805 483 860 lacere
501 806 605 860 iusticie
622 805 860 876 complementum.

298 949 338 1004 18.
359 947 476 1018 (XVIII.)
496 947 564 1002 Item
583 959 711 1002 statutum
730 945 859 1017 estquod
878 943 1000 1000 consides
1030 945 1143 1002 debeant
1161 947 1194 1002 de
1213 947 1348 1002 conscilio.
1367 947 1426 1002 llll.

259 1037 409 1108 sapientum
428 1035 527 1106 eligere
545 1035 679 1106 usquead
698 1035 753 1088 Lx.
773 1033 970 1088 credentiarios.
982 1045 1008 1088 et
1026 1049 1081 1088 non
1100 1034 1187 1105 plures
1202 1035 1231 1088 in
1244 1051 1274 1088 es
1286 1036 1433 1106 quantitate
1516 1023 1520 1034 ³

260 1126 359 1180 minori
378 1142 430 1196 que
449 1126 487 1178 eis
505 1124 639 1178 uidebitur
656 1124 707 1194 (2).
726 1123 760 1176 Et
778 1121 844 1176 lacte
862 1122 992 1177 electione
1001 1123 1235 1176 credentiariorum
1254 1137 1280 1178 et
1298 1123 1433 1178 conscilia·

261 1215 362 1267 riorum
382 1230 427 1284 per
445 1213 529 1268 dictos
548 1211 670 1266 consules
689 1223 715 1265 et
733 1211 864 1282 sapientes
893 1227 949 1266 non
968 1212 1070 1281 possint
1089 1211 1138 1282 ipsi
1157 1211 1279 1288 consules
1295 1211 1374 1264 simul
1389 1211 1432 1265 uel

260 1302 400 1373 separatim
419 1319 465 1372 per
482 1317 577 1356 eorum
595 1311 790 1354 sacramentum
809 1299 905 1353 addere
923 1298 1040 1370 aliquem
1058 1315 1104 1360 seu
1125 1299 1229 1370 aliquos
1253 1299 1281 1352 in
1300 1300 1432 1354 credentia

261 1390 304 1445 uel
322 1389 450 1444 conscilio
468 1389 559 1461 etqui
577 1401 668 1443 contm
687 1387 796 1442 iecenm
813 1387 919 1442 soluant
937 1388 1056 1441 bannum
1075 1403 1123 1458 pro
1135 1387 1254 1458 quolibet
1272 1399 1299 1442 et
1316 1388 1434 1458 qnalibet

260 1481 317 1534 vice
336 1479 462 1534 librarum
481 1479 573 1534 decem
592 1495 634 1550 pp.
653 1490 680 1534 et
697 1477 744 1532 ille
770 1477 874 1532 additus
901 1477 958 1531 siue
976 1477 1058 1532 additi
1086 1477 1279 1532 nichilominus
1296 1478 1350 1532 sint
1367 1479 1433 1532 cessi

262 1572 313 1624 hec
331 1581 421 1624 tamen
439 1581 567 1624 statutum
586 1584 641 1622 non
661 1569 813 1622 mundatur
829 1567 862 1621 ad
881 1566 1004 1622 consules
1022 1565 1242 1636 muystrslismm.

300 1727 340 1783 19.
360 1711 490 1782 (XVIIII.)
511 1711 579 1766 ltem
598 1721 728 1764 statutum
746 1709 875 1780 estquod
894 1708 1017 1764 consules
1029 1708 1202 1764 teneantursi
1222 1709 1260 1762 eis
1278 1707 1356 1766 suerit
1377 1726 1432 1780 pre

260 1813 367 1872 ceptum
385 1817 431 1872 per
448 1799 614 1854 credcnciarn
632 1797 714 1852 semel
735 1799 763 1852 in
782 1812 854 1852 anno
872 1797 1006 1870 inquirere
1023 1797 1210 1870 guernimenta
1223 1810 1250 1852 et
1267 1814 1342 1852 unna
1359 1797 1434 1868 inpo-

260 1887 310 1944 sita
327 1889 483 1944 honunibus
501 1887 614 1960 bugelle.
634 1899 660 1942 et
677 1889 710 1942 ab
729 1887 781 1942 illis
799 1887 845 1958 qui
863 1875 1241 1958 nonpresentabunt.exigere
1252 1887 1373 1940 bannum
1384 1902 1433 1956 pro

261 1977 387 2050 diployde
404 1989 430 2031 et
448 1977 568 2048 pemeria
586 1976 742 2031 solidorum.
762 1975 820 2030 XX
839 1991 881 2046 pp.
900 1987 927 2029 et
945 1991 993 2045 pro
1012 1973 1070 2030 aliis
1084 1975 1224 2028 armaturis
1232 1974 1388 2030 solidorum.
1400 1975 1433 2028 l'.

262 2083 304 2136 pp.
323 2067 374 2136 (2).
393 2065 426 2120 Et
445 2065 567 2120 consules
585 2081 641 2120 non
654 2065 790 2136 pacientur
800 2064 865 2135 poni
878 2064 906 2118 in
918 2064 1051 2118 credentia
1064 2079 1110 2134 per
1122 2079 1217 2118 eorum
1228 2077 1432 2118 sacramentum.

262 2167 382 2226 tempore
399 2171 494 2210 eorum
512 2153 672 2210 consulente.

299 2311 340 2351 20.
361 2295 440 2366 (XX.)
461 2295 529 2350 Item
547 2307 675 2350 statutum
694 2295 823 2368 estquod
842 2294 953 2367 quilibet
971 2293 1100 2350 clsusrius
1119 2307 1240 2349 tencatur
1265 2293 1349 2348 lucere
1368 2293 1433 2366 poni

263 2385 290 2440 in
310 2385 378 2440 libro
397 2397 557 2440 statutorum
577 2385 669 2438 omnin
688 2395 784 2438 statute
812 2385 844 2438 ed
864 2383 1013 2438 additiones
1040 2397 1200 2438 statutorum
1228 2381 1294 2438 lacte
1313 2397 1433 2454 tempore

262 2473 304 2528 sui
322 2473 475 2530 consulatus
493 2472 561 2528 infra
580 2473 623 2544 (3)
642 2471 809 2527 natiuitatem
827 2473 931 2528 domini
950 2485 1010 2544 post
1028 2485 1149 2527 sanctum
1168 2471 1321 2528 Martinum.
1509 2469 1512 2474 ’

300 2631 342 2671 21.
362 2615 454 2686 (XXI.)
471 2615 540 2670 item
558 2627 687 2669 statutum
706 2627 745 2668 est
762 2615 835 2686 quod
848 2614 970 2670 consules
981 2613 1335 2684 teneanturlecereJudicari
1346 2614 1434 2667 bunne

263 2721 310 2776 per
327 2705 456 2776 sopientes
475 2705 584 2759 comuni
603 2716 717 2778 quatuor
735 2702 837 2758 uicibus
856 2703 884 2758 in
903 2719 983 2758 anno.
1002 2703 1133 2757 Videlicet
1152 2703 1185 2757 dc
1203 2702 1285 2756 tribus
1304 2701 1332 2756 in
1351 2701 1434 2754 tn'bus

263 2793 420 2848 ntenssibus
439 2793 472 2848 Et
490 2793 598 2865 aliun
617 2793 735 2848 bennum
754 2791 836 2846 semel
851 2791 1003 2864 Judicstum
1017 2809 1072 2846 non
1086 2793 1167 2863 possit
1180 2791 1294 2862 emplius
1309 2789 1433 2861 Judiceri.

264 2899 314 2936 nec
333 2881 397 2954 poni
416 2897 506 2936 coram
522 2881 724 2952 judicatoribus.
743 2881 776 2936 Et
794 2880 916 2935 consules
943 2897 999 2935 non
1018 2881 1155 2952 pacientur
1182 2879 1269 2951 ipsum
1289 2897 1388 2949 ponere
1406 2879 1435 2932 in

265 2969 403 3025 credentia
422 2987 468 3042 per
485 2987 581 3024 eorum
599 2983 802 3024 sacramentum.

300 3127 342 3166 22.
364 3112 468 3182 [XXlLl
488 3113 556 3167 ltem
575 3125 703 3167 statutum
722 3112 851 3184 estquod
870 3112 925 3166 duo
944 3129 978 3166 ex
996 3111 1150 3166 consulibus
1180 3127 1296 3183 quorum
1315 3127 1383 3164 unus
1402 3109 1435 3163 sit

262 3200 399 3256 eleuarius
418 3201 461 3272 (4)
480 3203 593 3258 debeant
610 3203 677 3256 scire
694 3201 741 3273 qui
759 3213 837 3256 emnt
855 3202 978 3256 custodes
996 3201 1100 3272 priuati.
1131 3211 1157 3254 et
1174 3201 1288 3254 debeant
1309 3216 1365 3254 esse
1381 3215 1436 3270 pre

261 3302 348 3345 sentes
367 3291 400 3345 ed
419 3290 601 3362 recipiendum
619 3306 713 3344 eorum
732 3303 902 3344 sacramenti.
914 3290 948 3344 Et
957 3289 1007 3362 ipsi
1017 3289 1139 3344 consules
1149 3306 1204 3342 non
1224 3289 1326 3360 possint
1335 3303 1435 3360 ponere

190 3411 201 3436 ι
263 3381 349 3434 dictos
366 3380 489 3434 custodes
506 3379 558 3434 nisi
568 3378 646 3434 fuerit
659 3379 789 3433 chuarius
802 3395 907 3450 presens
919 3379 952 3433 sd
966 3379 1146 3450 recipimdum
1160 3395 1252 3432 eorum
1264 3387 1434 3430 sacramenta.

302 3535 345 3592 ²³·
366 3519 484 3590 (xxiii.)
504 3520 547 3590 (5)
565 3520 634 3576 leem
652 3531 781 3574 sumtum
798 3521 923 3592 estquod
941 3519 1064 3576 consules
1077 3529 1217 3574 teneantur
1229 3517 1272 3588 (6)
1286 3533 1435 3588 percorum

262 3610 447 3682 jurameutum
457 3608 500 3680 (6)
509 3621 632 3664 actareet
641 3621 731 3664 tenete
740 3619 836 3664 scmus
848 3625 944 3664 omnes
955 3619 1041 3664 costas
1053 3607 1129 3680 placi)
1145 3605 1250 3678 bugelle
1268 3607 1311 3675 (7)
1324 3619 1351 3660 et
1369 3605 1435 3660 vltra

293 3787 319 3840 (r)
335 3785 483 3840 Suboeqnentis
497 3797 542 3840 cap.
557 3785 625 3836 ruba,
640 3785 725 3826 sumn
733 3783 866 3840 prolixiorum
876 3784 1005 3826 locutionum
1021 3783 1076 3832 loco,
1085 3796 1137 3837 quse
1151 3783 1229 3822 lesione
1241 3779 1322 3822 inerunt
1336 3779 1435 3826 detersae.

264 3859 338 3912 scripte
351 3858 455 3914 pessulos
469 3857 571 3898 vidum.
585 3855 615 3898 Er
628 3857 669 3906 leis,
684 3867 736 3912 quse
750 3857 825 3912 salpe
839 3867 898 3896 antea
911 3866 988 3902 essens.
1010 3857 1072 3896 etism
1086 3866 1140 3894 nune
1155 3854 1243 3908 legitur:
1259 3851 1344 3906 ‘Depelle
1360 3850 1436 3891 l'crisi·

265 3929 340 3970 rnilitsr
352 3927 450 3984 Episcopi
463 3929 534 3970 nuncii
548 3927 641 3980 jurabunt
655 3939 746 3984 quoqne,
760 3939 783 3968 se
798 3928 876 3983 integre
889 3927 990 3968 &munis
1004 3929 1048 3979 jors
1063 3935 1186 3966 servaturos.

293 3999 321 4052 (a)
335 3997 484 4056 &mquam
498 4011 543 4052 cap.
558 3999 618 4040 verbs
632 4001 736 4055 posterius
750 4000 836 4050 adiecta.

293 4069 320 4120 (p)
336 4069 417 4112 versu
433 4069 556 4110 linconen
571 4069 656 4109 hmini.-
671 4070 757 4109 aliorum
773 4071 879 4109 uerborum
894 4069 950 4118 loco,
965 4069 1040 4122 scripta
1054 4069 1155 4110 videntur.

293 4141 321 4190 (4)
337 4139 401 4180 Verisa
414 4153 490 4194 φησι
504 4153 551 4178 uu
565 4143 590 4180 n'e
602 4141 696 4180 ἀκήν
710 4141 812 4194 putenm
827 4141 904 4192 adlecta
919 4140 983 4180 rem.

294 4211 321 4259 (5)
333 4209 393 4264 jussa
406 4211 446 4252 lior
460 4223 504 4264 csp.
520 4213 617 4264 scriptum
631 4211 734 4264 posterius
748 4221 794 4250 este
811 4209 893 4258 Puduit
907 4211 997 4251 deinder
1014 4209 1069 4261 Quod
1085 4209 1210 4264 dirpmsmn
1224 4215 1250 4248 en
1272 4215 1304 4262 per
1318 4207 1436 4246 acdestim.

294 4283 321 4330 (e)
338 4283 365 4332 (6)
380 4281 477 4336 Superius
493 4283 591 4336 scriptum
605 4291 653 4322 cst:
671 4281 738 4322 rur.

294 4353 322 4403 (⁶1)
337 4351 485 4407 §obsequentia
498 4367 543 4408 cap.
559 4353 619 4394 reris
634 4355 736 4408 posterius
751 4353 825 4408 scripta
839 4365 894 4394 sunt.
