3926 5542
1400 547 1450 604 ²⁰7

283 657 340 712 eius
358 669 468 728 patrem,
486 657 583 712 nobilis
602 657 743 712 franciscus
761 655 830 711 filius
848 655 946 714 nobilis
965 657 1053 712 Ottini
1070 659 1105 712 de
1123 657 1235 712 Villanis
1252 675 1299 728 per
1326 657 1446 712 nobilem

284 745 411 799 Ottinum
430 747 487 799 eius
506 759 615 816 patrem,
633 745 738 800 Nobilis
757 746 857 816 Gaspar
868 745 956 802 tarditl
975 764 1021 818 per
1033 745 1152 800 nobilem
1165 745 1322 801 lranciscum
1335 746 1392 800 eius
1405 763 1447 816 pa·

284 845 360 898 trent,
369 833 474 888 Nobilis
494 834 667 888 bernardinus
686 835 720 887 de
738 835 857 888 roxolate
875 852 922 906 per
939 835 1058 888 nobilem
1077 847 1181 905 petmrn
1199 835 1256 888 eius
1274 847 1384 905 patrem,
1397 835 1450 888 No·

284 921 344 976 bilis
362 923 516 976 Ludouicus
534 923 568 975 de
586 923 737 976 bertodanis
757 941 803 993 per
821 922 994 994 magnifieum
1014 923 1156 976 dominum
1172 923 1213 992 Jo.
1233 923 1378 992 Gasparem
1395 923 1453 976 eius

285 1021 395 1080 patrem,
414 1011 518 1064 Nobilis
537 1011 737 1064 bartholomeus
756 1010 826 1064 filius
845 1011 943 1064 nobilis
962 1010 1040 1064 ottini
1061 1011 1095 1064 de
1113 1010 1227 1064 Villanis
1245 1027 1291 1081 per
1308 1011 1451 1064 dominum

281 1097 321 1168 Jo.
342 1098 498 1152 franciscum
517 1100 550 1152 de
569 1098 788 1168 irichignonibus‚
809 1099 865 1161 Qui
885 1099 972 1168 ipsum
991 1096 1111 1152 nobilem
1129 1097 1345 1152 bartholomeum
1359 1097 1450 1168 ellegit

284 1197 363 1256 prout
381 1199 486 1256 apparet
498 1187 526 1240 in
540 1186 632 1240 litteris
645 1187 867 1240 testimonialibus
879 1187 953 1240 saetis
965 1199 992 1240 et
1005 1187 1106 1257 seriptis
1120 1203 1201 1240 manu
1214 1186 1334 1240 eiusdem
1347 1187 1450 1240 domini

281 1273 322 1342 Jo.
341 1273 460 1328 francisci
479 1274 569 1328 debito
587 1276 670 1328 modo
688 1275 839 1344 subscriptis
857 1274 936 1344 signo
954 1275 1011 1328 eius
1029 1274 1146 1344 manualj
1166 1275 1215 1327 sub
1247 1289 1320 1326 anno
1339 1273 1452 1344 prestasti

285 1374 311 1415 et
328 1362 373 1414 die
390 1362 531 1430 vigessima
549 1361 663 1432 presenti
682 1363 780 1416 mensis
798 1362 967 1425 Nouembris,
986 1361 1090 1416 Nobilis
1109 1361 1259 1432 Stephanus
1287 1361 1321 1414 dc
1339 1360 1452 1431 senariis

286 1465 331 1520 per
349 1449 467 1502 nobilem
488 1451 669 1520 Augustinum
687 1449 721 1502 cle
740 1448 860 1519 ferrariis,
879 1449 983 1502 Nobilis
1002 1449 1143 1502 franciscus
1161 1449 1232 1502 filius
1250 1448 1347 1502 nobilis
1361 1448 1451 1502 Lazari

285 1555 409 1592 caramne
427 1555 473 1608 per
491 1537 610 1591 nobilem
629 1537 800 1590 Anthonium
829 1553 990 1600 carazanani,
1019 1537 1124 1590 Nobilis
1148 1537 1189 1606 Jo.
1209 1535 1364 1590 Anthonius
1382 1536 1452 1590 lilius

286 1626 383 1679 nobilis
402 1625 512 1678 nicolini
530 1625 613 1680 caude
632 1642 677 1695 per
695 1625 814 1678 nobilem
833 1625 1014 1678 melchionem
1032 1626 1066 1678 de
1078 1625 1168 1694 spinis,
1179 1625 1284 1679 Nobilis
1296 1623 1451 1696 Petnislq.

285 1713 383 1766 nobilis
401 1713 521 1783 stephani
539 1713 636 1766 eutelle
653 1729 699 1783 per
717 1713 836 1766 nobilem
854 1712 971 1766 nicolam
981 1713 1014 1767 de
1026 1713 1129 1784 quinto,
1140 1713 1173 1765 Et
1185 1713 1289 1766 Nobilis
1300 1712 1452 1765 Lndouieus

286 1801 320 1854 de
337 1801 438 1870 grumis
456 1818 502 1870 per
519 1800 639 1854 nobilem
658 1801 792 1854 Andrmm
811 1802 868 1854 eius
886 1799 1001 1864 fratrem,
1012 1801 1068 1864 Qui
1087 1817 1182 1854 omnes
1200 1813 1228 1854 ut
1246 1816 1324 1870 supra
1338 1801 1366 1854 in
1381 1800 1452 1852 dicto

286 1886 391 1958 colegio
409 1899 435 1941 et
453 1888 561 1941 admissi
580 1887 723 1958 precedunt
740 1905 808 1942 unus
825 1888 909 1942 aliurn
927 1887 955 1941 in
974 1889 1068 1942 ordine
1087 1888 1214 1958 premisso
1233 1899 1260 1940 et
1278 1901 1357 1958 prout
1374 1903 1452 1958 supra

286 1976 413 2046 scriptum
431 1987 478 2029 est.

321 2064 388 2117 hem
408 2064 507 2117 ibidem
525 2065 716 2118 ordinauerunt
733 2075 759 2118 et
778 2076 924 2119 statuerunt
937 2065 965 2118 iu
980 2065 1035 2118 vim
1048 2066 1137 2118 statuti
1150 2065 1232 2128 Quoe
1243 2063 1309 2117 vltra
1322 2063 1452 2134 predictos

285 2151 393 2206 ellectos
410 2165 436 2206 et
454 2151 583 2206 admissos
601 2151 743 2222 alligantur
760 2165 787 2205 et
814 2153 988 2206 admittantur
1014 2153 1047 2207 Et
1075 2151 1121 2224 qui
1140 2153 1173 2206 de
1192 2153 1301 2206 comuni
1320 2167 1451 2205 consensu

285 2241 520 2310 suprascriptorum
539 2240 712 2293 dominorum
731 2241 764 2293 de
783 2241 887 2310 colegio
906 2241 1041 2294 notarium
1075 2238 1161 2294 elleeti
1180 2253 1206 2294 ct
1224 2239 1331 2294 admissi
1350 2255 1380 2292 ac
1399 2255 1451 2308 ρο-

284 2329 327 2381 siti
347 2328 452 2382 luerunt
470 2329 497 2380 in
518 2329 575 2398 ipso
594 2328 698 2394 colegio
718 2328 874 2396 magnificus
887 2329 1063 2398 dominusJo.
1076 2329 1219 2399 stephanus
1233 2327 1329 2396 lertcrij
1345 2325 1449 2380 Nobilis

286 2416 426 2469 franciscus
444 2415 541 2478 scallia,
561 2415 719 2484 Magnificus
736 2416 862 2469 dominus
873 2415 1006 2486 Georgius
1017 2417 1051 2469 de
1063 2417 1164 2484 grornis
1182 2417 1312 2484 temengj,
1325 2414 1452 2468 dominus

285 2504 383 2557 nobilis
398 2504 510 2573 Jacobus
529 2503 629 2573 tolegnj
660 2503 817 2570 Magnificus
845 2504 971 2556 dominus
998 2502 1140 2557 franciscus
1168 2504 1202 2558 de
1228 2503 1329 2574 putheo
1347 2501 1450 2556 clauaxi

285 2593 436 2660 capitaneus
454 2608 483 2643 ac
502 2591 604 2643 nobiles
623 2591 774 2644 Alexander
792 2591 825 2644 de
844 2591 963 2644 roxolate
982 2591 1138 2645 Andronius
1155 2592 1278 2655 cabanas,
1296 2601 1323 2644 et
1341 2589 1451 2644 Antho-

285 2681 345 2734 nius
364 2681 397 2733 de
416 2678 526 2732 lantono
545 2679 577 2732 de
597 2678 710 2746 bugella

321 2767 387 2820 Item
407 2767 563 2818 ordinarunt
581 2777 607 2818 et
625 2767 652 2818 in
672 2767 727 2820 vim
745 2767 835 2819 statuti
849 2778 996 2820 statuerunt
1009 2767 1091 2829 Quod
1105 2767 1194 2820 nullus
1208 2767 1241 2820 de
1253 2767 1325 2820 dicto
1338 2765 1452 2834 collegio

285 2855 366 2924 possit
385 2853 501 2924 aliquem
520 2857 662 2922 subrogare
681 2853 740 2908 loco
759 2859 799 2910 sui
819 2856 846 2909 in
865 2857 937 2910 dicto
955 2855 1060 2924 colegio
1080 2856 1111 2908 Et
1130 2871 1191 2908 casu
1210 2855 1286 2909 aliter
1304 2855 1360 2910 fieri
1379 2873 1448 2910 con-

286 2943 371 3010 tingat
389 2943 470 3005 Quod
490 2943 545 3011 ipse
563 2943 622 2996 talis
632 2944 668 2995 sic
681 2945 722 3010 (r)
734 2957 881 3013 acceptatus
894 2957 922 3000 et
933 2944 1067 3013 requirens
1082 2945 1114 2994 sir
1129 2944 1244 3012 priuatus
1263 2945 1320 3012 ipso
1339 2945 1451 3012 colegio.

322 3030 389 3083 ltern
407 3031 563 3084 ordinarunt
581 3043 606 3084 et
626 3031 653 3083 in
673 3033 728 3084 vim
747 3033 835 3084 statuti
854 3043 1001 3085 statuerunt
1014 3032 1085 3100 quod
1104 3031 1131 3083 in
1144 3032 1215 3084 dicto
1228 3031 1343 3100 collegio
1361 3034 1394 3085 de
1412 3049 1451 3085 ce·

286 3129 343 3171 tero
362 3133 417 3170 non
430 3119 602 3171 admittantur
615 3117 705 3188 alliqui
725 3119 810 3171 donec
823 3135 949 3172 numerus
961 3119 1196 3188 suprascriptorum
1210 3119 1244 3171 de
1256 3119 1360 3186 eolegio
1375 3118 1452 3172 luerit

286 3206 408 3257 reductus
427 3205 453 3256 in
474 3221 587 3258 numero
614 3205 828 3275 tigintiquinque
862 3223 1042 3275 personamm
1071 3207 1102 3258 lit
1121 3207 1142 3258 si
1161 3218 1252 3258 contra
1272 3206 1316 3260 frat
1334 3207 1406 3276 quod
1425 3207 1451 3259 id

286 3293 357 3362 quod
377 3292 475 3345 lactum
495 3292 571 3344 luerit
590 3295 622 3345 sit
642 3295 740 3346 nullius
759 3295 855 3346 valoris
873 3307 900 3348 et
919 3295 1058 3347 momenti.
1079 3295 1216 3364 Quodque
1244 3295 1333 3348 nullus
1351 3295 1451 3350 admit·

286 3393 341 3432 tatu
360 3380 388 3433 in
407 3380 479 3433 dicto
497 3379 604 3450 colegio
624 3381 674 3432 nisi
695 3382 858 3452 presentibus
876 3395 902 3435 et
920 3381 1150 3435 consencientibus
1177 3383 1302 3436 omnibus
1330 3383 1363 3434 de
1381 3383 1452 3436 dicto

287 3467 366 3536 legio

322 3556 388 3610 ltem
407 3557 563 3610 ordinarunt
582 3567 607 3608 et
626 3555 652 3608 in
673 3557 727 3609 vim
746 3559 835 3610 statuti
854 3571 1000 3612 statuerunt
1019 3559 1101 3621 Quod
1116 3573 1210 3610 onmes
1222 3557 1452 3624 dedictocolegio

285 3658 425 3698 teneantur
443 3657 469 3696 et
487 3645 599 3696 debeant
618 3645 655 3696 ire
674 3645 706 3696 ad
726 3645 920 3699 deccorandum
940 3647 1066 3698 cadauera
1086 3647 1228 3699 hominum
1258 3647 1290 3699 de
1309 3647 1381 3700 dicto
1399 3663 1448 3700 co-

287 3731 358 3798 legio
376 3748 443 3801 quos
462 3731 529 3800 morj
551 3731 696 3798 continget,
715 3749 764 3784 nec
783 3749 837 3785 non
857 3733 889 3785 ad
903 3735 1084 3804 processiones
1096 3733 1242 3786 natiuitatis
1255 3735 1357 3786 domini
1369 3735 1450 3788 nostri

286 3821 342 3890 jesu
362 3819 432 3872 cristi
451 3819 527 3872 etad
547 3817 684 3871 ecclesiam
703 3819 758 3872 diui
778 3821 910 3886 augustini
931 3821 1001 3890 plani
1031 3821 1136 3890 bugelle
1164 3821 1236 3874 iuxta
1265 3821 1383 3874 sollitum
1402 3823 1451 3876 sub

286 3923 353 3978 pena
372 3908 449 3960 unius
469 3905 561 3960 lloreni
581 3917 607 3960 et
625 3905 682 3959 vice
701 3907 816 3976 qualibet
835 3909 988 3978 applicanda
1007 3909 1055 3978 ipsi
1076 3908 1190 3978 collegio
1209 3908 1259 3960 nisi
1280 3909 1390 3962 imineat
1409 3909 1450 3964 le·

286 3997 380 4066 gitima
398 4012 484 4048 causa.

322 4083 384 4145 Que
402 4083 494 4136 omnia
513 4082 684 4152 suprascripta
704 4083 794 4152 prelati
814 4083 917 4137 domini
936 4083 1032 4152 notarii
1053 4083 1174 4138 videlicet
1192 4083 1350 4152 magnificus
1368 4083 1453 4138 dorni·

286 4187 336 4222 nus
355 4172 480 4240 gerardus
499 4171 576 4224 scalia
595 4170 757 4240 Nobilespue
772 4171 937 4237 Augustinus
950 4171 982 4223 de
996 4170 1107 4240 serrarijs
1120 4173 1281 4224 sebastianus
1294 4171 1328 4224 de
1340 4170 1451 4228 Villanis

311 4341 344 4396 (ι)
358 4343 433 4384 Forsan
449 4343 523 4384 rectius
539 4343 645 4384 dicendum
661 4355 714 4384 esset
730 4345 760 4392 rit,
775 4355 862 4384 atumea
878 4347 898 4384 la
913 4345 983 4386 codice
997 4345 1050 4385 clare
1065 4347 1160 4399 scripturn
1174 4357 1205 4386 est
1220 4347 1252 4386 alr.
