3926 5542
1379 547 1426 618 165

265 676 396 732 intentare
414 687 505 731 count
533 674 609 730 illurn
637 691 683 730 seu
710 673 771 730 illos
788 691 821 728 ea
839 673 995 728 officialibus
1012 673 1150 728 antedictis
1168 675 1214 745 qui
1232 673 1383 728 defficercnt
1401 673 1429 726 in

264 766 396 834 premissis
415 765 458 818 uel
477 763 567 834 aliquo
585 763 774 833 premissorum
793 773 915 818 tenemur
932 763 1088 816 duraturum
1110 763 1175 816 dunt
1194 775 1264 816 nant
1283 763 1340 832 ipso
1358 777 1430 814 anno

265 865 292 905 et
309 867 365 906 non
384 851 457 906 vltra

303 1041 325 1095 3.
345 1027 446 1080 Habeat
464 1037 554 1080 autern
572 1025 657 1080 dietus
676 1026 792 1080 sindicus
810 1042 855 1080 seu
886 1039 1039 1095 procurator
1067 1025 1172 1078 auditor
1202 1025 1258 1078 siue
1286 1025 1364 1094 judex
1383 1039 1431 1094 pro

264 1129 431 1186 quacumque
449 1131 526 1168 causa
545 1115 684 1184 questione
703 1115 746 1167 uel
764 1114 931 1185 querimonia
950 1131 996 1184 per
1015 1131 1062 1166 eos
1080 1125 1106 1166 et
1124 1129 1214 1166 corant
1233 1113 1271 1166 eis
1292 1127 1364 1164 mora
1384 1129 1430 1164 seu

266 1203 400 1254 mouenda
412 1218 459 1272 pro
472 1218 565 1256 eonttn
580 1203 675 1256 salario
687 1203 715 1256 in
729 1203 974 1256 remuneracioncm
985 1201 1105 1254 laborum
1116 1213 1219 1254 tantum
1230 1213 1359 1270 quantum
1373 1199 1431 1252 Cla·

266 1289 340 1342 uario
359 1301 385 1342 et
403 1290 555 1344 consulibus
573 1291 696 1344 comunis
714 1289 821 1360 bugelle
838 1289 1009 1344 consideratis
1022 1289 1191 1360 qualitatibus
1203 1301 1229 1342 et
1241 1287 1431 1358 quantitatibus

265 1375 394 1430 dictarunt
413 1393 550 1431 causarum
569 1378 699 1431 videbitur
726 1379 754 1430 in
782 1377 831 1430 hac
860 1390 931 1448 parte
949 1376 971 1428 si
990 1375 1023 1428 de
1050 1393 1143 1430 eorum
1163 1376 1380 1430 remuneracione
1399 1375 1430 1426 lis

265 1463 352 1534 aliqua
370 1465 489 1518 oriretur.
509 1466 652 1536 Postquam
672 1481 734 1518 vcro
752 1466 822 1518 dicte
839 1465 1099 1534 condempnationes
1117 1463 1183 1516 lacte
1201 1475 1278 1516 erunt
1308 1475 1334 1516 vt
1353 1479 1430 1532 supra

265 1551 287 1602 si
306 1563 420 1620 potestas
438 1568 493 1606 non
512 1553 627 1606 solueret
645 1553 731 1605 scusi
751 1553 854 1605 soluere
872 1563 1002 1606 recusaret
1029 1553 1187 1622 quantitates
1214 1552 1343 1604 dictarum
1362 1567 1430 1604 ton-

266 1637 491 1707 dampnacionutn
509 1640 563 1693 sive
582 1639 609 1694 in
629 1640 691 1710 ipsis
709 1639 998 1710 condampnacionibus
1016 1639 1210 1708 conprehensas
1228 1655 1274 1692 seu
1303 1639 1330 1690 in
1349 1638 1431 1690 altera

266 1741 358 1778 sanim
376 1743 428 1798 que
446 1727 616 1780 ascenderent
634 1743 680 1780 seu
699 1727 839 1780 mendae
859 1739 966 1796 possent
983 1727 1016 1780 ad
1045 1727 1123 1780 libras
1150 1726 1233 1780 XXV.
1252 1725 1431 1796 imperialium

267 1824 388 1866 teneatur
404 1829 520 1867 comune
537 1815 643 1884 bugelle
661 1815 805 1867 concedere
823 1830 868 1868 seu
888 1815 950 1868 dare
967 1813 1076 1868 cuilibet
1093 1831 1204 1884 persone
1218 1813 1358 1866 habitatori
1378 1812 1425 1864 bu·

267 1900 336 1970 gelle
355 1901 497 1971 requirenti
515 1913 542 1954 et
559 1903 659 1956 volenti
678 1903 762 1972 ipsam
780 1903 886 1970 exigere
903 1902 1078 1972 quantitatem
1097 1919 1142 1954 seu
1155 1902 1313 1972 quantitates
1326 1901 1353 1954 in
1370 1900 1432 1968 ipsis

267 1987 556 2058 condampnactonibus
574 2006 620 2042 seu
639 1991 885 2060 condampnacione
902 1991 1090 2060 conprehensis
1109 2007 1191 2042 vnum
1211 1989 1251 2042 tel
1285 1989 1351 2041 duos
1370 2005 1429 2039 am-

268 2075 412 2128 baaiatores
430 2077 476 2146 qui
495 2077 615 2146 expensis
633 2077 698 2130 dicti
717 2077 839 2130 comunis
852 2078 947 2130 vadant
959 2079 992 2130 ad
1010 2078 1151 2131 dominum
1165 2091 1285 2130 nostrum
1304 2077 1430 2128 contitent

267 2163 389 2216 sabaudie
408 2163 543 2233 querelam
562 2165 624 2218 dicti
643 2163 796 2218 habitatoris
815 2181 844 2218 ac
863 2165 958 2218 seriem
978 2164 1037 2218 sacti
1056 2181 1133 2235 supet
1162 2165 1215 2233 hijs
1241 2165 1431 2233 expositurum.

302 2351 327 2401 4.
346 2337 413 2390 item
432 2349 579 2392 statuerunt
596 2351 623 2392 ct
641 2339 831 2393 ordinnuerunt
850 2339 955 2394 adendo
974 2357 1052 2410 super
1064 2351 1162 2392 statuto
1175 2341 1208 2392 de
1220 2339 1394 2392 sindicatione
1406 2349 1432 2390 et

267 2423 373 2478 licentia
391 2427 506 2494 preteriti
525 2429 660 2496 potestatis
678 2427 762 2490 Quod
781 2427 860 2496 juder
879 2427 1022 2480 sindicator
1039 2427 1155 2480 sindicus
1174 2439 1200 2480 et
1218 2427 1336 2480 notarius
1354 2425 1434 2478 sindi-

268 2524 341 2566 catus
358 2513 405 2582 qui
423 2513 499 2567 electi
519 2513 616 2568 suerint
634 2515 662 2568 in
680 2515 813 2568 credentia
832 2515 948 2584 generali
968 2527 1046 2586 prout
1063 2515 1199 2586 eliguntur
1216 2515 1293 2568 omni
1305 2529 1377 2566 auno
1396 2529 1434 2566 se·

268 2599 386 2653 cundum
405 2599 519 2654 sormam
538 2603 600 2656 dicti
619 2601 709 2656 statuti
727 2603 749 2656 si
768 2601 865 2655 fuerint
883 2619 960 2672 super
978 2602 1027 2656 het
1046 2619 1092 2672 per
1109 2603 1254 2656 clauatium
1273 2615 1300 2654 et
1312 2599 1434 2654 eonsules

267 2688 390 2740 comunis
409 2687 514 2758 bugelle
532 2689 658 2759 requisiti,
677 2689 733 2752 Qui
751 2688 881 2742 clauatius
899 2701 925 2743 et
943 2690 1065 2743 consules
1082 2706 1129 2742 eos
1141 2690 1273 2760 requirere
1286 2699 1434 2750 teneantur,

267 2789 361 2828 eorum
380 2777 530 2844 juramento
549 2787 688 2828 teneantur
706 2787 732 2830 ct
750 2776 863 2830 debeant
875 2777 960 2846 jurare
972 2777 1006 2830 ad
1018 2789 1107 2832 sancta
1122 2777 1171 2830 Dei
1187 2776 1332 2844 Euangelia
1345 2791 1435 2842 corpo

267 2861 354 2914 taliter
372 2861 399 2915 in
418 2863 487 2916 dicta
505 2863 638 2916 credentia
655 2863 684 2916 in
703 2881 755 2936 qua
773 2863 871 2917 luerint
888 2864 964 2918 electi
989 2864 1022 2918 Et
1050 2877 1192 2936 antequam
1221 2864 1381 2917 descendant
1400 2863 1432 2914 de

268 2947 369 3016 palacio
387 2949 509 3002 comunis
527 2966 620 3003 eorum
639 2949 758 3004 officium
787 2951 898 3004 fideliter
926 2968 1045 3004 exercere
1073 2953 1219 3005 anundum
1239 2959 1351 3004 lortnatn
1371 2949 1434 3002 dicti

267 3037 356 3088 statuti
375 3049 401 3090 et
419 3037 548 3090 editionis
567 3038 693 3108 presentis
710 3039 744 3092 Et
762 3040 834 3109 quod
853 3039 908 3108 ipse
926 3039 1043 3092 sindicus
1061 3051 1181 3092 teneatur
1200 3053 1226 3092 et
1254 3041 1346 3092 debeat
1371 3051 1436 3090 tem·

268 3139 331 3192 pore
349 3139 403 3195 quo
422 3125 467 3178 ille
485 3127 530 3196 qui
549 3126 620 3180 dicto
638 3143 711 3180 anno
724 3127 838 3180 extiterit
850 3139 964 3196 potestas
977 3127 1072 3180 eteius
1085 3126 1183 3178 familia
1198 3127 1319 3178 sindicnri
1330 3127 1434 3178 debebit

267 3213 340 3279 juata
359 3211 473 3266 ionnaru
491 3215 553 3266 dicti
572 3215 661 3268 statuti
681 3213 764 3267 lacere
783 3215 822 3268 bis
840 3214 956 3284 qualibet
974 3215 1017 3268 die
1036 3214 1132 3284 pulsari
1146 3231 1302 3283 campanam
1317 3231 1363 3282 pro
1377 3215 1434 3282 ipso

266 3297 395 3352 sindicato
414 3301 561 3354 eamcendo
579 3302 731 3370 deputatam
749 3317 796 3354 seu
815 3301 993 3370 deputandam
1013 3301 1134 3354 videlicet
1153 3301 1218 3354 hora
1248 3303 1388 3354 tertiarum
1407 3311 1433 3352 et

267 3385 333 3438 hora
350 3399 444 3440 octaue
462 3387 580 3457 qualibet
598 3389 649 3441 dic.
669 3389 774 3450 Quibus
793 3389 866 3442 horis
884 3389 946 3442 dicti
965 3389 1045 3458 judea
1064 3389 1207 3440 sindieator
1221 3389 1336 3440 sindicus
1349 3399 1374 3440 et
1388 3403 1433 3438 no-

267 3473 347 3526 tan'us
364 3475 507 3528 sindicatus
526 3475 638 3528 debeant
656 3475 810 3530 immediate
829 3489 887 3546 post
906 3476 1088 3546 pulsacionem
1108 3475 1210 3528 linitam
1224 3477 1292 3528 dicte
1305 3493 1432 3544 campane

268 3561 392 3614 iuteresse
411 3561 512 3632 palacio
529 3563 592 3616 dicti
611 3563 734 3617 comunis
752 3563 785 3618 ad
804 3565 937 3617 banchum
956 3565 999 3616 ebi
1018 3565 1060 3630 jus
1073 3564 1189 3616 redditur
1201 3563 1233 3616 Et
1245 3563 1344 3616 ibideut
1359 3563 1434 3614 illuni

267 3648 313 3718 qui
332 3659 395 3702 tunc
413 3650 485 3703 dicto
503 3667 576 3703 anno
595 3664 708 3720 potestas
728 3652 842 3704 extiterit
861 3651 970 3721 eiusque
989 3652 1105 3720 judicem
1125 3651 1237 3704 militem
1256 3663 1282 3704 et
1305 3650 1433 3703 familiana

268 3735 404 3790 sindicare.
424 3737 479 3800 Qui
498 3739 614 3792 sindicus
632 3751 752 3792 teneatur
770 3739 856 3794 dicere
874 3751 901 3792 et
919 3755 1066 3809 proponere
1084 3755 1174 3792 coram
1193 3739 1280 3806 judice
1293 3739 1435 3790 §indicatus

267 3839 363 3877 ornnes
381 3838 406 3878 et
425 3825 542 3894 singulas
561 3827 705 3896 peticiones
723 3839 749 3880 et
777 3826 895 3896 querelas
923 3843 987 3896 quas
1014 3827 1042 3878 in
1070 3827 1171 3896 scriptis
1199 3825 1290 3878 habuit
1318 3825 1435 3878 notarius

268 3911 417 3966 sindicatus
438 3913 540 3966 Debent
557 3927 647 3966 tanten
676 3915 730 3983 ipse
758 3915 873 3966 sindicus
891 3915 956 3966 dunt
984 3927 1114 3983 proponet
1142 3913 1208 3982 ipsas
1228 3913 1370 3982 peticiones
1389 3929 1434 3964 seu

265 3999 385 4069 querelas
403 4012 471 4053 stare
490 3993 658 4070 corant'ipso
677 4002 764 4072 judice
784 4002 926 4054 sindicatus
945 4013 971 4052 vt
990 4015 1028 4054 est
1050 4001 1131 4053 moris
1152 4017 1198 4070 pro
1217 4000 1340 4052 tribunali
1360 4015 1437 4068 super

268 4086 340 4139 dicto
359 4088 464 4140 bancho
482 4089 590 4140 sedente
608 4105 698 4141 corant
717 4105 771 4158 quo
790 4089 877 4158 judice
895 4087 1038 4140 sittditutus
1057 4089 1140 4140 dictus
1160 4087 1204 4156 qui
1232 4099 1295 4138 tunc
1323 4087 1436 4138 extiterit

269 4186 383 4242 potestas
401 4175 511 4244 eiusque
528 4174 648 4244 officiarii
668 4187 759 4228 contra
778 4191 844 4244 quos
863 4175 994 4228 dabuntur
1013 4175 1067 4244 ipse
1095 4174 1238 4244 peticiones
1256 4189 1302 4224 seu
1321 4173 1436 4243 querelle

272 4261 348 4314 dictis
368 4261 440 4312 horis
458 4261 571 4315 debeant
595 4263 719 4314 interesse
750 4261 825 4314 dictis
854 4263 1028 4332 peticionibus
1056 4279 1101 4314 seu
1120 4261 1232 4331 querelis
1251 4261 1374 4328 negando
1393 4261 1435 4314 uel

272 4346 424 4402 confitendo
443 4349 600 4418 responsuri.
620 4349 675 4413 Qui
694 4350 774 4418 judea
794 4349 937 4402 sindicatus
956 4350 989 4402 de
1007 4349 1132 4402 omnibus
1150 4361 1176 4402 et
1194 4347 1306 4418 singulis
1324 4349 1436 4420 querelis
