3926 5542
498 495 546 550 Ι74

495 605 599 658 borum.
620 603 649 657 Si
668 620 732 658 uero
751 603 945 658 blasfemauerit
964 603 1068 674 aliquos
1086 616 1190 656 sanctos
1208 604 1257 656 sub
1274 602 1349 655 cuius
1367 602 1446 654 ntulo
1464 617 1510 654 seu
1529 598 1660 654 uocabulo

495 692 583 762 aliqua
601 691 709 745 ecclesia
722 692 756 745 sit
770 692 798 744 in
812 704 879 745 terra
893 691 1003 762 Bugelle
1021 691 1064 746 uel
1083 692 1140 744 eius
1158 691 1297 744 terretorio
1316 701 1465 743 constructa
1477 689 1601 758 puniatur
1613 703 1660 758 pm

496 779 612 850 qualibet
630 781 696 844 uice,
715 779 744 832 in
762 779 834 832 libris
846 779 964 850 quinque
981 796 1024 849 pp.
1043 779 1072 832 Si
1090 791 1180 832 autern
1200 778 1266 831 alios
1278 790 1382 831 moetos
1394 778 1526 848 puniatur,
1544 777 1575 830 ln
1588 774 1661 828 libris

495 867 578 921 tribus
595 867 759 938 papiensum.
773 867 864 930 Quam
876 884 973 937 penam
985 868 1007 919 si
1020 867 1123 920 soluere
1141 882 1197 920 non
1216 865 1313 936 poterit
1335 865 1462 934 puniatur
1479 865 1512 917 ad
1531 863 1661 917 berlinarn

496 967 523 1008 et
540 955 577 1008 ibi
595 967 714 1008 teneatur
732 972 778 1025 per
795 955 868 1008 diem
886 971 968 1007 unam
986 954 1074 1024 palam
1100 954 1226 1006 omnibus
1252 954 1286 1006 Et
1304 953 1372 1006 ultra
1390 953 1442 1006 boc
1460 963 1594 1021 ponantur
1611 949 1661 1004 sibi

496 1042 574 1095 situle
591 1055 644 1096 tres
661 1059 729 1112 aque
747 1059 825 1112 super
842 1054 928 1112 caput,
947 1042 980 1096 Et
998 1041 1110 1112 quilibet
1129 1042 1211 1110 possit
1238 1057 1359 1093 recusam
1386 1056 1448 1093 curn
1466 1040 1617 1092 iuramento
1634 1049 1662 1090 et

496 1129 545 1182 sibi
564 1130 683 1182 credatur
701 1130 850 1184 dummodo
878 1128 955 1182 fuerit
983 1129 1067 1182 homo
1097 1130 1167 1182 bone
1198 1127 1359 1182 conditionis
1377 1127 1411 1182 Et
1428 1127 1523 1182 habeat
1540 1139 1661 1197 quartam

497 1229 598 1288 partem
616 1217 852 1288 condempnationi
870 1216 1029 1288 perunum

498 1410 528 1477 5.
552 1391 602 1458 De
625 1412 708 1478 pena
731 1389 866 1458 dicentis
890 1390 987 1458 uerba
1009 1391 1189 1459 iniuriossa.

533 1498 607 1563 Quia
626 1496 818 1567 utplurimum
837 1515 869 1550 ex
888 1496 989 1550 lubrico
1007 1497 1099 1567 lingue
1117 1497 1180 1560 rire,
1211 1513 1383 1568 rumoresque
1410 1497 1579 1568 proueniunt.
1597 1497 1662 1550 Ideo

498 1597 620 1640 uotentes
638 1586 680 1638 his
698 1603 746 1655 pro
764 1602 840 1654 posse
860 1586 977 1650 obuiare,
1005 1585 1139 1638 Statutum
1167 1597 1194 1638 et
1221 1585 1375 1638 ordinatum
1402 1597 1441 1639 est
1463 1585 1544 1648 Quod
1562 1586 1662 1655 siquis

499 1674 593 1726 dixerit
612 1675 691 1726 uerba
709 1673 849 1725 iniuriossa
867 1672 948 1742 aliqui
967 1689 1079 1741 persone
1097 1672 1221 1725 uidelicet
1238 1673 1288 1726 sibi
1299 1673 1412 1726 dicendo
1424 1673 1543 1742 proditor
1553 1673 1664 1726 traditor

470 1773 474 1782 ·
499 1759 541 1812 sur
559 1760 621 1812 leno
639 1772 737 1829 gerone
756 1759 798 1812 uel
817 1760 884 1812 latro
902 1759 982 1812 salsus
1001 1759 1044 1812 uel
1063 1759 1180 1812 falsarius
1198 1761 1324 1830 puniatur
1349 1759 1378 1812 in
1406 1759 1478 1812 libris
1501 1759 1594 1812 decem
1612 1775 1662 1828 pa-

499 1849 640 1918 piensium.
659 1848 688 1902 Si
706 1865 771 1902 uero
788 1849 839 1900 alia
859 1849 938 1900 uerba
956 1849 1051 1900 dixerit
1068 1865 1121 1918 que
1138 1849 1234 1901 merito
1252 1865 1300 1918 pro
1318 1847 1465 1900 iniuriossis
1481 1849 1582 1917 possint
1591 1863 1664 1918 repu-

500 1938 548 1990 tari
567 1937 654 1989 soluat
671 1953 718 2005 pro
737 1936 853 2005 qualibet
872 1937 930 1988 uice
949 1936 1027 1988 libras
1045 1936 1078 2000 V,
1098 1937 1271 2005 papiensium.
1302 1935 1330 1988 Si
1361 1948 1452 1988 autem
1470 1934 1664 1990 blasfemauerit

500 2025 616 2094 aliquem
635 2024 678 2076 uel
696 2024 775 2076 alicui
795 2025 911 2076 minatus
930 2023 1007 2076 luerit
1025 2025 1058 2076 de
1076 2024 1259 2076 interficiendo
1278 2023 1320 2076 uel
1340 2023 1514 2092 percuciendo
1528 2024 1570 2076 uel
1589 2023 1664 2077 aliter

500 2113 661 2166 offendendo
679 2113 766 2164 soluat
784 2129 831 2181 pro
850 2112 967 2182 qualibet
986 2112 1051 2174 uice,
1071 2111 1149 2164 libras
1168 2123 1227 2174 tres,
1241 2123 1266 2163 et
1280 2111 1348 2164 ultra
1366 2112 1548 2164 hocterreatur
1558 2112 1663 2182 ydonee

500 2201 624 2253 satisdare
641 2200 788 2252 secundum
806 2200 960 2268 qualitatem
979 2216 1150 2268 personarum
1169 2201 1202 2252 de
1221 2216 1277 2252 non
1289 2198 1452 2252 offendendo
1464 2199 1541 2252 illurn
1560 2201 1603 2253 cui
1615 2199 1664 2252 mi-

501 2299 579 2340 natus
597 2286 682 2339 fuerit
702 2287 735 2339 Et
747 2287 807 2338 licet
819 2287 877 2355 quis
890 2302 945 2338 uno
958 2287 1065 2338 instanti
1083 2287 1157 2356 plura
1176 2289 1256 2340 uerba
1269 2287 1311 2340 uel
1325 2286 1376 2340 alia
1387 2288 1559 2356 suprascripta
1571 2288 1665 2341 dixerit

501 2375 624 2444 puniatur
642 2391 689 2442 pro
708 2391 761 2425 una
780 2375 838 2424 uice
856 2385 959 2425 tantum
979 2385 1004 2425 et
1024 2391 1077 2426 non
1099 2392 1145 2443 pro
1163 2375 1270 2444 singulo
1288 2376 1378 2427 uerbo.
1398 2375 1427 2428 Si
1445 2391 1510 2426 uero
1528 2375 1623 2446 aliquis
1635 2377 1663 2428 in

501 2462 686 2530 respondendo
705 2461 860 2513 mentiretur
878 2479 924 2529 per
941 2461 1033 2529 gulam
1052 2461 1101 2514 sibi
1120 2463 1343 2532 improperantem
1362 2461 1405 2514 uel
1424 2462 1557 2514 dicentem
1575 2463 1663 2534 aliqua

502 2635 620 2706 aliquam
639 2636 727 2688 aliam.

503 2813 534 2878 6.
557 2809 607 2876 De
630 2832 711 2897 pena
734 2809 868 2876 ficientis
892 2810 944 2899 (1)
967 2811 1067 2877 rixam
1091 2833 1147 2877 seu
1171 2809 1389 2898 appiglantias.

538 2916 604 2968 Item
623 2927 751 2968 statutum
769 2929 795 2970 et
812 2917 964 2970 ordinatum
984 2930 1022 2970 est
1036 2919 1107 2987 quod
1121 2918 1141 2969 si
1155 2917 1236 2986 aliqui
1249 2918 1318 2970 inter
1330 2935 1357 2970 se
1371 2917 1479 2971 fecerint
1490 2918 1666 2989 apiglanciam

503 3003 560 3056 siue
579 3004 663 3055 rixam
682 3004 709 3056 in
728 3017 795 3056 terra
815 3005 924 3073 bugella
942 3005 985 3056 uel
1004 3005 1062 3056 eius
1081 3005 1199 3057 districtu
1217 3017 1243 3057 et
1262 3006 1311 3056 sibi
1330 3007 1515 3058 emanauerint
1533 3005 1566 3058 de
1584 3023 1665 3058 manu

504 3091 546 3144 uel
565 3093 631 3160 pede
649 3103 675 3144 et
694 3109 721 3143 se
740 3108 795 3145 non
814 3093 987 3161 percuxerinr„
1006 3093 1130 3162 puniatur
1147 3093 1258 3162 quilibet
1270 3093 1299 3145 in
1311 3093 1402 3146 solidis
1415 3093 1550 3163 sexaginta
1563 3095 1668 3163 papien-

503 3179 573 3232 sium
591 3180 613 3231 si
633 3197 696 3232 uero
714 3196 743 3232 se
761 3180 925 3248 percurrerint
944 3197 1025 3233 manu
1044 3180 1087 3232 uel
1107 3181 1172 3249 pede
1191 3180 1232 3232 uel
1252 3197 1280 3232 se
1298 3180 1444 3248 acceperint
1463 3198 1508 3252 per
1520 3180 1628 3251 capillos
1641 3195 1668 3235 et

503 3268 611 3336 sanguis
629 3285 661 3320 err
680 3267 755 3320 dictis
773 3268 977 3337 percurionibus
995 3284 1050 3320 non
1070 3268 1152 3320 exerit
1171 3268 1294 3337 puniatur
1312 3269 1340 3320 in
1359 3269 1432 3321 libris
1450 3269 1544 3322 decem
1563 3271 1667 3339 papien·

503 3355 583 3407 siunt
603 3355 631 3406 Si
652 3371 714 3408 uero
733 3356 869 3424 sanguinis
887 3357 949 3407 indu
967 3357 1078 3408 erriuerit
1096 3369 1122 3410 et
1141 3356 1265 3426 perruxio
1284 3356 1349 3409 lacta
1377 3356 1455 3410 suerit
1473 3374 1551 3427 super
1568 3357 1668 3412 lactea

504 3441 575 3495 collo
593 3459 670 3512 supra
689 3444 819 3513 puniatur.
839 3442 873 3496 In
891 3443 964 3496 libris
994 3445 1090 3514 uiginti
1118 3445 1291 3515 papiensium.
1320 3445 1348 3497 Si
1379 3461 1443 3498 uero
1463 3445 1526 3499 alibi
1545 3447 1669 3517 puniatur

504 3529 615 3599 quilibet
633 3530 665 3583 ln
684 3530 757 3584 libris
775 3532 935 3600 quindmim.

505 3726 537 3793 7.
563 3705 610 3772 De
634 3727 715 3794 pena
738 3703 882 3772 facientis
905 3704 1071 3774 insultum.

540 3812 608 3865 Item
626 3823 753 3865 statutum
772 3824 819 3876 est,
837 3813 909 3883 quod
927 3813 949 3865 si
968 3813 1013 3883 qui
1032 3812 1121 3866 fecerit
1139 3813 1267 3868 insultum
1286 3816 1344 3868 sine
1355 3814 1436 3868 armis
1447 3825 1539 3869 contra
1552 3814 1669 3885 aliquem

506 3913 533 3953 et
551 3899 638 3970 ipsum
655 3899 786 3953 insultum
805 3899 894 3953 fecerit
912 3901 945 3954 ad
964 3901 1156 3956 habitationem
1174 3903 1232 3956 siue
1249 3903 1363 3956 domum
1381 3904 1512 3974 propriam
1532 3903 1614 3973 ipsius
1631 3903 1670 3956 in-

505 3987 595 4042 sultati
613 3988 647 4041 Et
665 4003 721 4041 non
740 3988 894 4058 pereuxerit,
906 3989 1030 4058 puniatur
1047 3989 1075 4042 in
1086 3989 1159 4044 libris
1173 3991 1291 4060 quinque
1302 3991 1475 4062 papiensium.
1488 3990 1517 4045 si
1531 4006 1596 4044 ueno
1607 4007 1669 4044 cum

507 4075 587 4129 armis
605 4088 631 4128 et
648 4091 705 4128 non
723 4077 877 4146 percuxerit,
894 4077 1018 4147 puniatur
1035 4079 1063 4130 irr
1083 4078 1154 4132 libris
1172 4079 1267 4150 viginti
1286 4096 1333 4149 pro
1351 4079 1468 4150 qualibet
1485 4079 1552 4132 uice
1565 4079 1594 4133 Si
1605 4095 1670 4132 uero

533 4283 563 4337 (ι)
578 4282 611 4326 sle
625 4284 661 4324 sed
675 4285 749 4326 nerias
759 4283 849 4339 satiatis
862 4294 885 4325 nt
899 4287 921 4326 ia
935 4286 976 4326 allo
990 4285 1090 4341 exemplo.
