3926 5542
1385 452 1433 506 ¹93

260 565 413 635 imponatur
431 581 498 634 pena
516 580 532 616 n
551 562 643 616 solidis
662 562 780 615 Centum
799 559 866 616 inira
885 577 972 632 neque
991 561 1019 615 in
1039 559 1286 632 blasphemantibus
1310 563 1391 616 deuna
1409 572 1436 616 et

258 653 325 707 alios
343 665 458 706 sanctos.

260 813 311 876 61.
337 808 438 890 Quod
459 809 494 876 in
517 829 723 898 quocumque
747 807 900 876 conuiuio
923 829 990 874 non
1025 807 1175 876 intersint
1211 807 1274 876 nisi
1297 807 1434 896 treginta

304 935 453 1002 persone.

294 1021 433 1083 Quoniam
453 1019 511 1092 lege
530 1032 638 1075 cauetur
656 1020 749 1092 nequis
769 1037 796 1074 re
814 1037 861 1074 sua
880 1019 950 1074 male
968 1031 1064 1084 ututur,
1084 1020 1167 1090 Igitur
1194 1021 1227 1073 nd
1256 1020 1432 1074 euitationenr

259 1107 380 1162 inanium
399 1125 582 1179 expensarum,
601 1125 653 1180 que
671 1108 757 1178 magis
776 1109 809 1162 ad
828 1125 955 1180 pompam
983 1109 1144 1180 inanemque
1172 1107 1286 1178 gloriam
1316 1107 1430 1162 tendunt

259 1214 339 1268 quarn
359 1196 509 1252 utilitatem.
528 1197 662 1252 Statutum
681 1210 720 1252 est
746 1197 819 1268 quod
837 1198 860 1252 si
877 1197 966 1268 nliqut
993 1213 1104 1269 persona
1131 1197 1248 1250 cuiusuis
1266 1195 1428 1250 conditionis

258 1297 340 1339 status
358 1285 452 1340 existat
469 1302 526 1340 ooo
544 1287 639 1342 audeat
657 1284 700 1339 uel
720 1297 853 1356 presumat
870 1285 968 1340 habere
985 1285 1018 1340 ad
1049 1285 1156 1356 aliquod
1184 1285 1240 1338 eius
1268 1283 1426 1338 conuiuium

258 1373 352 1442 quauis
370 1373 404 1426 de
422 1390 499 1428 causa
518 1373 704 1428 celebrandurn
724 1372 792 1426 ultra
810 1373 924 1444 tregintn
936 1389 1060 1444 personas
1069 1385 1213 1437 anunm,
1224 1370 1346 1426 videlieet
1355 1371 1428 1442 quod

260 1459 337 1514 luerit
355 1461 388 1514 de
406 1461 463 1514 eius
481 1459 581 1514 familia
599 1461 632 1514 Et
649 1461 702 1514 hoe
721 1461 770 1513 sub
788 1477 856 1530 pena
875 1459 1001 1515 librarum
1020 1461 1112 1514 decem
1131 1459 1297 1532 papiensium
1307 1475 1354 1529 pro
1369 1475 1430 1529 qun·

259 1549 322 1600 libet
341 1548 399 1601 uice
417 1547 451 1600 Et
468 1548 582 1601 eandem
600 1563 696 1618 penam
715 1547 858 1612 ineunant,
876 1547 988 1620 quilibet
1007 1547 1053 1620 qui
1072 1545 1239 1602 interfuerint
1256 1545 1335 1600 alicui
1356 1561 1425 1599 eon-

259 1635 343 1699 uiuio,
361 1635 392 1688 ln
410 1651 465 1706 quo
483 1633 581 1688 fuerint
599 1634 685 1705 plures
703 1651 823 1706 persone,
842 1651 923 1706 quarn
941 1637 1062 1706 superius
1080 1647 1107 1688 et
1125 1649 1278 1705 expressum
1296 1631 1425 1688 nisiillud

259 1723 416 1776 conuiuium
435 1721 509 1776 lieret
527 1723 673 1776 secundum
693 1721 807 1776 lornranr
825 1735 984 1778 stanrtontrn
1003 1723 1045 1778 uel
1075 1722 1296 1776 consuetudinem
1314 1720 1426 1776 alieuius

260 1811 364 1880 collegii
385 1827 431 1864 seu
450 1809 556 1881 pnratiei
574 1810 608 1864 de
626 1821 693 1864 tetra
721 1811 835 1881 bugelle,
862 1813 893 1865 ln
918 1811 1082 1882 reuertaglijs
1110 1810 1187 1864 lineat
1216 1809 1314 1864 habere
1331 1809 1426 1880 viginti

260 1915 383 1968 personas
401 1911 427 1952 et
446 1915 551 1969 presens
569 1909 696 1952 statutum
716 1913 771 1952 non
790 1898 913 1954 uendicet
931 1899 980 1954 sibi
1000 1899 1090 1954 locum
1109 1899 1137 1954 in
1156 1897 1304 1954 forensibus
1322 1897 1368 1969 qui
1388 1913 1425 1951 ee

258 1999 317 2041 sent
335 1986 362 2040 in
381 1987 458 2040 dictis
477 1985 600 2058 prandiis.

259 2149 309 2211 62.
335 2143 436 2224 Quod
459 2143 625 2234 quodlibet
655 2161 810 2214 statutum
839 2145 986 2233 superius
1020 2145 1198 2234 descriptus
1221 2143 1277 2234 (ι)
1298 2144 1331 2210 in
1356 2164 1422 2232 quo

301 2249 335 2318 lit
359 2251 483 2318 mentio
506 2251 540 2317 io
563 2249 741 2318 masculino
764 2273 892 2339 genere.

293 2357 359 2410 item
378 2367 505 2410 statutum
524 2368 571 2421 est,
590 2356 672 2419 Quod
691 2357 828 2428 quodlibet
846 2370 974 2412 statutum
993 2359 1112 2430 superius
1143 2357 1304 2428 descriptum
1322 2355 1350 2410 in
1369 2371 1424 2426 quo

257 2443 286 2498 fit
305 2444 406 2498 mentio
425 2445 453 2498 in
472 2443 621 2498 masculino
639 2461 736 2514 genere
754 2446 875 2500 vendicet
893 2447 974 2501 etiam
992 2447 1040 2502 sibi
1060 2447 1151 2500 locum
1169 2445 1197 2500 in
1222 2461 1320 2514 genere
1339 2441 1425 2498 letne-

256 2531 323 2586 nino
341 2531 417 2586 omni
436 2532 591 2602 exceptione
608 2545 734 2586 cessante.

329 2653 389 2707 Deo
407 2654 504 2724 gneius
523 2655 619 2708 Amen.
