3918 5554
1385 495 1432 546 ²41

302 605 369 658 Item
388 614 516 658 statutum
534 615 560 658 et
578 605 731 658 ordinatum
750 615 789 658 est
807 603 890 669 Quod
909 603 997 674 alique
1015 619 1128 674 persona
1145 619 1202 658 non
1221 603 1315 658 debeat
1337 602 1437 676 aliquid

268 691 354 744 dicere
373 690 400 744 in
414 690 546 762 Collegio,
565 691 673 762 quando
692 691 823 746 Consules
841 693 961 761 ipsontm
980 691 1024 745 uel
1052 691 1119 746 ulter
1145 709 1178 746 ex
1209 691 1372 748 Consulibus
1399 692 1438 747 eis

268 779 392 849 proponit
410 778 510 850 aliquid
528 779 570 832 uei
590 779 654 832 dicit
672 779 780 850 aliquid,
798 779 832 832 Et
850 779 896 850 qui
915 777 1097 834 contrafecerit
1121 780 1208 834 soluat
1239 781 1358 836 bannum
1389 797 1437 851 pro

267 865 386 937 quolibet
404 879 430 920 et
448 865 565 937 qualibet
583 867 649 920 uice.
669 866 846 922 denariorum
866 866 931 922 XII.
951 866 1125 938 papiensium.
1144 867 1178 921 Et
1196 867 1318 922 consules
1336 868 1364 922 in
1377 885 1437 924 con·

267 953 362 1008 tinenti
381 953 449 1008 dictu
469 955 555 1008 banus
574 955 679 1025 exigere
698 965 843 1008 teneantur.

269 1133 320 1200 34.
345 1113 394 1180 De
417 1112 539 1180 ratione
563 1111 744 1180 Consulum
767 1128 817 1180 ter
838 1113 872 1180 in
894 1113 992 1180 Anno
1016 1109 1186 1180 reddenda.

301 1219 369 1272 Item
388 1229 515 1272 statutum
534 1231 573 1272 est
591 1231 617 1272 et
635 1219 788 1274 ordinatum
810 1218 838 1273 in
867 1218 947 1291 pleno
977 1215 1102 1288 Collegio
1129 1215 1212 1281 Quod
1240 1217 1378 1276 Clanarius
1409 1231 1435 1272 ct

266 1305 397 1360 Consules
416 1306 594 1360 ferrariorum
613 1307 726 1360 debeant
744 1305 828 1360 iacere
848 1307 980 1360 rationem
998 1319 1038 1360 ter
1056 1305 1083 1360 in
1102 1321 1175 1360 anno
1193 1305 1315 1360 videlicet
1334 1307 1367 1360 ad
1378 1307 1435 1360 Nn-

265 1393 397 1448 tiuitatem
416 1395 521 1448 domini
540 1407 566 1448 et
584 1395 617 1448 ad
636 1393 733 1448 festum
751 1395 833 1448 sancti
853 1394 921 1466 Eloy
939 1411 969 1448 ac
987 1395 1072 1448 eciam
1090 1394 1123 1448 ad
1141 1405 1263 1448 sanem
1291 1393 1436 1448 Martinum

265 1481 341 1535 inira.
361 1481 442 1536 VIII.
462 1483 518 1536 dies
536 1499 584 1552 pro
602 1481 721 1554 quolibet
740 1481 863 1536 termino.
883 1481 938 1535 Sub
957 1497 1024 1553 peno
1043 1481 1123 1536 banni
1142 1481 1290 1536 solidorum
1308 1479 1373 1536 XX.
1393 1499 1435 1552 po·

266 1569 398 1640 piensium
418 1585 465 1640 pro
483 1569 603 1642 quolibet
621 1569 748 1625 Clnunrio
765 1581 792 1622 et
815 1567 941 1624 Consule.

269 1745 320 1813 35.
343 1726 393 1793 De
416 1725 606 1794 anniuersali
630 1724 738 1794 fiendo
761 1742 836 1814 post
859 1725 977 1796 festum
1000 1727 1100 1794 sancti
1124 1725 1216 1816 Eloy.

300 1833 369 1886 Item
387 1843 514 1886 statutum
533 1843 572 1886 est
590 1844 617 1888 et
634 1833 787 1887 ordinatum
817 1833 890 1904 quod
920 1831 1162 1905 quocienscumque
1192 1831 1331 1888 Clsunrius
1359 1833 1435 1887 saciet

265 1920 370 1990 presciri
389 1919 444 1974 lllis
462 1919 494 1972 de
512 1919 637 1992 collegio
655 1920 763 1974 veniant
780 1921 813 1974 ad
832 1919 983 1974 laciendum
994 1936 1078 1974 vnum
1091 1920 1256 1974 anniuersale
1269 1935 1328 1992 post
1337 1920 1434 1974 festum

264 2009 347 2062 sancti
366 2008 434 2079 Eloy
452 2009 524 2080 quod
542 2007 588 2062 ille
605 2009 652 2080 qui
670 2025 726 2063 non
745 2009 846 2064 venerit
863 2007 950 2063 soluat
961 2025 1009 2078 pru
1020 2007 1140 2079 quolibet
1152 2009 1271 2064 bannum
1283 2009 1432 2064 solidorum

265 2097 297 2150 X.
317 2097 483 2168 papiensium
500 2096 551 2150 nisi
570 2096 693 2152 hnbucrit
710 2095 876 2168 legiptimum
888 2095 1071 2152 defensionem
1080 2095 1124 2150 uel
1134 2095 1432 2153 licencinmnClausrio

266 2185 309 2239 uel
328 2185 455 2241 Consule.

270 2345 319 2430 36.
344 2344 394 2411 De
416 2341 575 2432 portando
598 2341 745 2432 Corpora
766 2343 800 2410 in
827 2341 933 2430 plano.

302 2449 368 2503 Item
387 2461 514 2503 statutum
534 2448 730 2504 mordinatum
749 2449 877 2520 estquod
896 2447 948 2503 llle
965 2448 1007 2502 cui
1027 2448 1165 2503 Clanarius
1183 2449 1240 2502 siue
1258 2448 1350 2502 consul
1371 2449 1433 2502 dicti

267 2539 372 2606 paratici
392 2538 570 2591 Ferrariorum
589 2537 752 2608 preceperint
770 2549 797 2589 vt
816 2549 929 2607 portaret
941 2536 1049 2608 aliquod
1062 2535 1183 2592 Cadarmr
1194 2538 1227 2590 de
1239 2535 1311 2590 dicto
1320 2537 1435 2606 paratico

267 2627 294 2678 in
314 2625 394 2696 plano
413 2627 572 2680 neusauerit
590 2639 694 2697 portare
712 2624 805 2679 Soluat
823 2641 871 2695 pro
888 2625 1006 2696 qualibet
1024 2625 1083 2680 uice
1100 2625 1200 2680 solidos
1219 2623 1251 2677 V.
1271 2625 1435 2696 papiensium

266 2711 309 2766 uel
329 2713 356 2766 in
376 2713 456 2784 plano
474 2714 530 2767 siue
550 2713 578 2766 in
600 2713 694 2784 plncio.

268 2891 318 2956 37.
342 2869 391 2938 De
414 2869 528 2937 salario
553 2871 664 2957 notarii
690 2886 721 2937 et
744 2869 919 2936 semitoris.

301 2975 367 3028 Item
387 2987 515 3029 statutum
534 2987 573 3029 est
591 2976 663 3046 quod
683 2974 794 3046 quilibet
813 2973 951 3027 Claunrius
969 2974 1014 3044 qui
1034 2989 1082 3044 pro
1100 2975 1263 3044 temporibus
1277 2973 1433 3028 luerittene·

266 3075 324 3116 atur
342 3075 368 3116 et
386 3063 479 3116 debent
498 3063 559 3116 darc
578 3080 671 3116 eorum
691 3063 795 3116 notario
813 3061 888 3114 omni
910 3063 990 3114 Anno
1009 3061 1109 3114 solidos
1128 3061 1232 3114 XXXJ·
1258 3062 1434 3132 papiensium,

265 3165 291 3204 et
310 3151 428 3204 servitori
446 3151 546 3204 solidos
565 3150 654 3206 xxi.
675 3150 848 3221 papiensium.
867 3150 900 3202 Et
918 3150 990 3220 quod
1009 3149 1121 3202 seruitor
1139 3161 1259 3203 teneatur
1289 3161 1315 3202 et
1342 3150 1435 3204 debeat

265 3240 356 3294 venire
374 3240 406 3292 ad
426 3239 588 3308 Collegium.
608 3239 641 3292 Et
659 3239 680 3290 si
699 3236 880 3291 contrafecerit
902 3237 988 3292 soluat
1011 3237 1130 3292 bannum
1158 3253 1205 3308 pro
1232 3237 1350 3308 qualibet
1377 3238 1435 3292 uice

265 3328 413 3382 solidorum
433 3327 471 3382 11.
491 3327 665 3398 papiensium.

303 3487 445 3540 Millesimo
464 3485 683 3550 ccclxxxvi,
702 3485 840 3540 indicione
858 3501 938 3540 nona
957 3485 1001 3538 die
1019 3497 1068 3538 etc.

303 3575 431 3658 lingister¹
441 3573 578 3644 johannes
596 3575 628 3628 de
647 3573 778 3645 pinarolio
797 3575 957 3644 guarnerius
976 3573 1076 3627 dimisit
1095 3573 1121 3625 in
1134 3571 1240 3626 irnesua
1253 3573 1434 3643 Coiropertanr

267 3679 347 3716 unam
365 3662 446 3732 panni
466 3662 563 3716 blaueti
582 3679 630 3732 pro
649 3663 738 3718 anima
757 3679 803 3717 sua
822 3663 855 3716 ud
874 3661 1101 3734 cohopen'endum
1120 3661 1201 3716 uitare
1219 3661 1301 3716 sancti
1320 3661 1390 3734 Eloy
1402 3663 1435 3716 de

268 3751 400 3823 Collegio.

302 3911 330 3964 10
351 3910 462 3964 nomine
480 3911 584 3965 domini
612 3927 700 3965 amen.
728 3911 810 3965 Anno
839 3909 970 3964 Currente
998 3909 1143 3964 millesimo
1173 3907 1435 3980 CCCLXXXVlllJ⁰

267 3999 403 4052 indicione
422 3997 482 4052 xll.
502 3999 545 4052 die
563 3999 633 4052 XVI.
665 4000 764 4054 mensis
791 3999 870 4068 lunij.
901 3999 930 4053 ln
960 4009 1079 4068 tempore
1106 3997 1272 4051 Clanariatus
1299 3997 1433 4066 Ambrosii

266 4088 374 4155 barberij
396 4085 511 4156 Ciaunrij
532 4099 558 4140 et
577 4085 703 4140 lobannis
723 4087 830 4156 Ferrarii
851 4086 977 4140 Consulis
995 4085 1110 4154 Collegij
1132 4085 1299 4137 icrrariorum
1325 4083 1434 4152 Bugelle

265 4175 398 4228 Statutum
417 4187 442 4228 et
461 4176 613 4228 ordinatum
633 4187 671 4226 est
691 4191 735 4243 per
753 4175 894 4241 magistros
903 4173 966 4227 dicti
976 4173 1090 4240 coln-gij
1102 4189 1180 4242 super
1191 4173 1291 4242 palacio
1302 4171 1434 4225 Comunis

316 4313 399 4357 secu.
416 4335 438 4346 -
457 4325 475 4356 ι.
1355 4311 1378 4354 16
