3926 5542
507 515 559 587 156

541 637 591 708 (D)
609 637 824 702 PRIvtLEGnt,
843 635 1107 701 IMMUNITATES,
1117 635 1603 702 HONORANCIE,LIBERTATES
1620 635 1668 690 ET

505 725 813 779 CONSUETUDINES
832 724 997 780 COMUNIS
1017 725 1190 779 BUGELLE
1209 724 1264 778 fot.
1282 725 1387 778 Menbr.
1406 737 1615 779 uxum-xxm.
1638 753 1666 764 -

504 811 619 866 initialis
636 813 722 866 literae
738 813 816 865 rubro
834 819 856 866 el
874 813 983 866 tuemleo
1000 811 1080 866 colore
1096 812 1229 868 decorum

548 935 587 1000 In
609 935 742 1001 nomine
764 933 897 1002 domini.
921 935 1042 1002 Amen.

540 1040 595 1094 Sub
613 1040 665 1094 hoc
683 1040 761 1095 titulo
779 1041 949 1094 continentur
967 1041 1105 1111 priuilegia
1129 1041 1311 1094 immunitates
1337 1039 1509 1106 honorande,
1536 1040 1668 1096 libertates

504 1129 708 1181 consuetudines
725 1129 848 1182 comunis
866 1127 979 1197 bugelle

542 1230 564 1268 1.
584 1214 719 1268 Dominus
736 1215 874 1285 episcopus
892 1232 995 1285 semper
1012 1215 1041 1268 in
1060 1216 1114 1268 suis
1140 1215 1351 1270 ordinationibus
1378 1228 1405 1270 et
1431 1215 1535 1270 stanttis
1552 1227 1667 1270 resernat

504 1301 645 1366 libertates,
663 1303 869 1356 consuetudines
886 1315 912 1355 et
930 1303 1106 1357 honomncias
1123 1303 1186 1357 dicti
1205 1304 1336 1358 comunis.

540 1404 564 1442 2.
584 1390 625 1442 De
644 1390 765 1459 predictis
784 1391 898 1442 suntab
916 1391 1040 1460 episcopo
1059 1391 1201 1444 ἰιιιιεεῐὶῑί.ἱ

539 1476 580 1528 De
598 1477 724 1531 omnibus
742 1477 836 1530 bannis
853 1488 922 1530 terre
940 1477 1045 1547 bugelle
1062 1490 1164 1548 septem
1182 1479 1304 1549 exceptis.

537 1563 580 1615 De
597 1563 683 1632 placio
701 1563 814 1633 bugelie.

538 1651 580 1703 De
597 1650 712 1719 ripaticis
729 1662 755 1704 et
773 1650 871 1704 moltis

537 1737 579 1790 De
597 1753 714 1791 nemore.

539 1840 562 1892 3.
581 1825 644 1877 Non
662 1825 770 1879 soluunt
787 1825 894 1880 sodmm
913 1843 961 1880 nec
979 1826 1081 1898 aliquus
1099 1826 1179 1880 taleas
1197 1827 1309 1881 domino
1336 1827 1460 1898 episcopo
1478 1827 1524 1881 sed
1542 1828 1662 1882 comuni.

501 1913 558 1966 Nec
575 1913 625 1981 ipsi
643 1913 755 1966 domino
774 1914 897 1984 episcopo
916 1931 963 1985 pro
981 1915 1091 1968 comuni
1109 1916 1142 1968 nd
1161 1915 1235 1968 todia
1252 1915 1341 1984 aliqua
1359 1927 1421 1969 sunt
1439 1915 1544 1968 astricti.

536 2015 561 2064 4.
580 2000 690 2054 Faciunt
708 2013 812 2066 statuta,
830 2003 978 2056 credencits
996 2015 1023 2056 et
1041 2003 1151 2056 tonsilia
1170 2019 1217 2073 pro
1236 2002 1312 2056 libito
1331 2003 1475 2056 uoluntatis
1493 2003 1545 2072 (ι).

539 2105 561 2157 5.
580 2088 710 2142 Exercent
727 2089 923 2144 iurisditionem
942 2091 969 2143 in
988 2090 1112 2144 ciuilibus
1130 2103 1156 2143 et
1174 2091 1363 2144 criminalibus.
1513 2145 1518 2154 ,

535 2175 560 2228 6.
580 2174 742 2240 Cluentium,
761 2177 900 2241 Consules,
918 2177 1055 2232 Ministros
1073 2189 1099 2232 et
1116 2177 1243 2232 officiales
1260 2180 1384 2232 comunis
1411 2190 1515 2249 ponunt
1531 2189 1558 2232 et
1576 2178 1662 2248 depo-

499 2275 568 2317 nunt
586 2280 633 2333 pro
653 2264 728 2318 libito
746 2264 899 2318 uoluntatis.

535 2365 559 2418 7.
579 2351 706 2404 Vendunt
724 2353 828 2421 rugiam
846 2351 931 2420 placii,
951 2364 977 2405 et
995 2353 1028 2406 de
1045 2352 1101 2423 ipsa
1119 2355 1273 2427 disponunt,
1291 2355 1357 2410 dum
1385 2367 1476 2410 tamen
1493 2369 1550 2409 non
1568 2363 1663 2408 nocent

499 2437 581 2507 ipsius
598 2438 702 2490 domini
720 2439 836 2508 episcopi
854 2438 1019 2494 molendino.

534 2525 559 2578 8.
577 2525 718 2595 inquirunt
736 2543 817 2590 arma,
836 2528 952 2597 pondera
979 2540 1005 2582 et
1023 2545 1172 2584 menssuras
1199 2531 1227 2584 in
1246 2529 1360 2601 bugella,
1387 2530 1468 2584 mum
1492 2528 1662 2592 molendinis,

498 2625 553 2666 tam
572 2613 675 2666 domini
694 2614 808 2683 episcopi
826 2631 907 2685 quam
925 2614 984 2685 alijs
1002 2616 1101 2670 solidos
1119 2617 1152 2682 V,
1179 2618 1311 2688 erigendo
1338 2635 1354 2672 a
1371 2617 1491 2689 quolibet
1517 2633 1564 2688 pro
1582 2617 1663 2670 buius

497 2697 665 2768 (ieiunandi)
683 2699 855 2769 inquisitione
872 2715 899 2756 et
917 2719 1066 2757 menssums
1083 2705 1243 2759 assumendo
1261 2705 1396 2775 predictas

538 2803 563 2858 9.
583 2787 729 2856 imponunt
747 2787 827 2842 taleas
845 2801 871 2841 et
894 2789 1016 2844 collectas
1033 2792 1212 2846 habitantibus
1230 2793 1258 2846 in
1277 2792 1391 2863 bugella.

548 2889 588 2928 ro.
607 2874 749 2945 Recipiunt
765 2876 925 2930 habitatores
943 2891 969 2930 et
986 2878 1116 2948 repellunt
1125 2895 1192 2950 quos
1204 2880 1242 2932 eis
1254 2880 1331 2934 utiles
1348 2897 1405 2936 esse
1422 2895 1478 2934 non
1491 2879 1662 2934 creduntzEb

499 2975 653 3033 receperunt
672 2965 798 3018 dominos
817 2967 850 3020 de
868 2978 952 3030 neno,
971 2967 1004 3020 td
1023 2968 1223 3037 requisitionem
1242 2969 1346 3022 domini
1375 2968 1490 3038 episcopi
1509 2967 1661 3022 Lombardt.

536 3067 576 3104 11.
595 3051 716 3106 iudicant
733 3065 759 3105 et
777 3053 887 3124 exigunt
906 3055 993 3108 banna
1011 3055 1092 3109 etiam
1110 3055 1256 3109 sorensium
1268 3055 1481 3126 delinquentium
1500 3055 1528 3109 in
1547 3053 1661 3126 bugella

535 3153 575 3192 12.
593 3140 713 3194 Puniunt
731 3142 919 3210 peecuoiariter
937 3143 1074 3197 uenientes
1091 3155 1183 3197 contra
1201 3160 1295 3198 eorum
1313 3155 1416 3198 statute

536 3243 576 3298 13.
595 3228 646 3282 Per
662 3227 777 3282 formam
795 3229 975 3300 inquisitionis
993 3246 1048 3285 non
1067 3231 1217 3301 proceditur
1234 3244 1326 3286 contra
1338 3249 1384 3285 eos
1396 3230 1447 3284 nisi
1460 3231 1490 3284 in
1502 3243 1604 3301 septem
1615 3230 1662 3284 cri·

501 3315 618 3370 minibus
636 3315 663 3368 in
682 3315 822 3386 priuilegio
841 3318 977 3372 retectam
995 3331 1022 3370 et
1040 3333 1175 3387 processus
1193 3319 1239 3390 qui
1257 3331 1349 3372 contra
1367 3317 1460 3372 tierent
1471 3317 1658 3372 cancellantur.

534 3417 575 3468 14.
594 3402 686 3456 Bnnna
704 3404 814 3473 exigunt
831 3421 847 3458 a
865 3403 1079 3475 delinquentibus
1096 3405 1218 3458 etiamsi
1237 3405 1324 3475 primo
1345 3404 1443 3458 luerint
1460 3405 1519 3474 aliie
1531 3405 1662 3458 iudicibus

499 3491 620 3545 accusati.

533 3595 574 3648 15.
593 3578 715 3631 Domino
734 3578 859 3649 episcopo
877 3579 1003 3632 assistunt
1021 3580 1049 3632 in
1068 3579 1201 3650 consciliis
1219 3581 1364 3650 oportunis

535 3665 575 3720 16.
593 3667 695 3736 Notarij
715 3667 819 3719 iusticie
836 3667 870 3720 de
888 3667 1002 3738 collegio
1020 3669 1186 3722 notariorum
1213 3668 1318 3738 bugelle
1347 3679 1373 3720 et
1400 3683 1456 3720 non
1474 3667 1581 3722 aliunde
1598 3679 1660 3720 sunt

497 3752 657 3806 assumendi.

533 3840 576 3892 Ad
594 3840 665 3908 ipsos
683 3839 801 3892 notarios
819 3839 921 3893 exactio
939 3839 1002 3894 talie
1019 3842 1132 3911 pertinet
1148 3841 1257 3898 illorum
1270 3841 1390 3912 quisunt
1407 3841 1503 3896 ultimo
1522 3840 1659 3911 supplicio,

496 3926 540 3979 uel
557 3926 621 3980 alias
640 3926 814 3996 personaliter
832 3928 1028 3998 condempnati.

537 4027 576 4081 17.
595 4013 681 4083 Pmpe
699 4013 833 4084 bugellam
852 4031 898 4084 per
915 4028 1016 4085 septem
1044 4015 1159 4070 miliaria
1185 4016 1306 4070 wharia
1333 4016 1390 4072 fieti
1418 4032 1474 4070 non
1493 4027 1578 4086 potest
1596 4015 1658 4069 aiibi

496 4116 578 4170 quam
598 4100 626 4153 in
646 4100 760 4171 bugella.

524 4223 552 4274 (1)
567 4221 632 4262 Multo
646 4224 755 4271 recentius,
770 4223 791 4262 in
805 4224 882 4263 codicis
897 4225 994 4276 margine,
1009 4224 1110 4264 adiectum
1124 4234 1170 4273 est;
1184 4223 1229 4265 dcta
1240 4224 1434 4278 ptesmcmfietadt
1447 4238 1539 4278 πῆμα
1554 4225 1660 4280 inteligitur

494 4291 1660 4348 pmpriuw'ccdnntmtmfflmmlisiumrmeffiffldulbpmncomdtiuw27,

496 4361 529 4401 sbi
541 4360 632 4402 eatam
644 4361 691 4416 qud
701 4369 786 4416 poam
798 4376 888 4404 rueme.
903 4362 932 4403 lo.
944 4361 1023 4416 laenius
1038 4363 1162 4407 uernam.
