3958 5540
1411 547 1459 602 1²⁷

295 657 366 712 ribus
384 657 481 714 seriatis
499 658 564 711 dum
582 669 653 712 taxat
670 658 784 728 exceptis
802 656 923 710 videlicet
941 673 956 710 a
974 656 1065 728 vigilia
1083 656 1228 712 natiuitatis
1254 655 1359 710 domini
1377 673 1461 728 usque

293 745 327 800 ad
346 743 442 800 festum
460 744 581 815 Epifanie
598 743 736 810 inclusiue,
754 745 788 799 Et
805 761 821 799 a
839 745 882 798 die
901 745 992 798 Ramis
1011 743 1158 816 palmarum
1177 763 1259 817 vsque
1285 746 1318 800 nd
1337 757 1460 800 octauam

293 833 429 888 dominice
446 833 643 887 resurrectionis
660 849 709 886 nec
722 833 750 886 in
763 832 948 888 lestiuitatibus
960 847 1074 904 quatuor
1089 835 1164 888 beate
1175 833 1285 904 virginis
1298 833 1388 898 Marie,
1401 832 1460 888 ΧΗ.

292 922 483 993 apostolorum,
502 920 689 991 assumptionis
707 921 820 984 domini,
840 921 989 976 loedtdutis
1007 933 1172 992 pentecostes
1190 934 1216 975 et
1246 920 1350 974 duobus
1368 921 1460 976 diebus

292 1009 470 1082 sequentibus.
489 1008 647 1062 Festiuitatis
665 1008 781 1078 corporis
799 1008 851 1078 xpi.
871 1009 1017 1063 natiuitatis
1035 1009 1104 1062 beati
1123 1009 1250 1062 Iohannis
1269 1009 1387 1080 baptiste„
1407 1009 1459 1062 Fe·

292 1097 415 1166 stiuitatjs
433 1095 503 1150 beati
521 1095 665 1166 Laurentii,
683 1113 714 1150 ac
732 1096 801 1150 beati
820 1095 925 1166 Eusebij
946 1096 1029 1150 nostri
1048 1096 1172 1167 patronis
1191 1095 1373 1150 Dedicationis
1391 1095 1460 1150 beati

293 1185 430 1238 Michaelis
442 1201 472 1237 ac
484 1183 686 1254 sollempnitatis
697 1184 821 1238 omnium
834 1196 985 1238 sanctorum
997 1195 1024 1237 et
1036 1183 1270 1238 comemorationis
1281 1196 1459 1248 mortuorum,

293 1271 394 1325 Diebus
411 1270 562 1335 dominicis,
580 1282 606 1325 et
623 1270 652 1324 in
671 1271 859 1342 Camispluuio
876 1271 911 1325 Et
927 1271 986 1342 alijs
997 1271 1090 1326 diebus
1102 1271 1197 1342 quibus
1209 1283 1276 1326 esset
1289 1271 1458 1325 interdictum

292 1375 338 1429 per
355 1370 431 1412 vetus
448 1369 577 1413 statutum
595 1357 774 1412 Comunitatis
793 1358 899 1430 bugelle
916 1360 952 1412 ob
969 1369 1063 1413 vntum
1082 1358 1125 1413 uel
1143 1359 1223 1414 aliam
1233 1359 1329 1414 iustam
1342 1375 1457 1413 causam.

292 1445 326 1500 Et
335 1445 498 1510 Quindecim
508 1445 600 1500 diebus
613 1457 731 1516 tempore
744 1447 871 1500 messium
884 1458 911 1500 et
923 1447 1035 1501 totidem
1045 1459 1164 1516 tempore
1176 1446 1372 1502 vindemiarum
1382 1459 1459 1518 prout

292 1533 412 1588 Potestas
430 1549 492 1586 cum
510 1532 638 1587 conscilio
656 1534 759 1587 duxerit
776 1533 964 1589 ordinandum.
977 1533 1058 1588 Saluo
1070 1535 1143 1605 quod
1155 1535 1183 1588 in
1202 1533 1278 1588 dictis
1296 1535 1459 1604 temporibus

291 1621 392 1690 possint
410 1621 561 1691 questiones
579 1619 771 1674 maleficiorum
789 1621 892 1692 agitari.
911 1622 945 1676 Et
963 1634 1096 1676 meanto
1113 1623 1185 1692 quod
1204 1621 1232 1676 in
1251 1621 1324 1692 ierijs
1345 1622 1457 1674 rustica-

291 1709 360 1761 libus
377 1709 479 1777 possint
505 1707 561 1762 fieri
588 1707 815 1779 sequestrationes,
843 1709 1020 1779 possessiones
1047 1721 1074 1764 et
1101 1721 1259 1780 pagamenta
1276 1709 1459 1780 pronunciata,

291 1807 411 1866 precepta
429 1810 508 1866 super
525 1795 648 1849 ciuilibus
666 1795 750 1848 causis
768 1807 796 1850 et
813 1797 899 1850 eciam
917 1798 1041 1851 reddatur
1058 1799 1100 1868 jus
1118 1799 1152 1851 de
1169 1797 1298 1862 mercede,
1325 1795 1459 1850 alimentis

292 1883 471 1953 pensionibus,
490 1882 634 1937 domorum
652 1895 678 1936 et
696 1883 808 1937 alianum
827 1884 1025 1954 possessionum
1044 1901 1074 1938 ac
1092 1885 1152 1938 cibo
1171 1895 1197 1938 et
1215 1897 1279 1954 potu
1301 1899 1407 1937 necnon
1426 1883 1459 1938 de

291 1971 469 2042 merchandijs
487 1971 612 2026 omniunt
630 1969 775 2025 sorensium
794 1972 889 2042 quibus
901 1970 1048 2028 forensibus
1060 1984 1086 2025 et
1101 1971 1267 2026 venientibus
1279 1973 1312 2025 ad
1325 1971 1459 2026 merchata

291 2058 468 2112 summarium
486 2059 529 2129 jus
546 2058 676 2112 reddatur.

294 2237 343 2304 30.
368 2217 418 2284 De
442 2216 785 2306 condempnationibus
809 2217 971 2286 faciendis.

326 2324 393 2377 ltem
411 2335 558 2376 statuerunt
575 2324 648 2395 quod
675 2335 789 2394 potestas
819 2325 888 2378 dicte
912 2324 1091 2379 Comunitatis
1109 2327 1158 2380 sub
1176 2325 1283 2380 vinculo
1301 2328 1456 2381 sacrementi

290 2423 316 2464 ct
335 2411 453 2480 penali,
472 2411 598 2464 librarum
617 2413 650 2466 de
668 2429 716 2464 suo
735 2411 830 2466 salario
848 2411 990 2467 auferenda
1009 2414 1084 2468 omni
1101 2431 1193 2468 mense
1205 2413 1459 2483 condampnationes

290 2499 323 2551 de
341 2499 552 2569 quibuscumque
570 2500 734 2569 processibus
752 2500 806 2554 suis
824 2512 850 2553 et
868 2501 1057 2571 predecessoris
1076 2501 1160 2556 lacere
1178 2513 1325 2554 teneantur.
1339 2501 1373 2556 Et
1390 2502 1458 2572 ipsas

289 2586 548 2656 condampnaciones
566 2585 634 2640 infra
652 2587 738 2640 alium
757 2605 877 2642 mensem
897 2601 955 2658 post
973 2589 1119 2643 terminum
1138 2589 1254 2660 ipsarum
1273 2590 1456 2660 condempna-

291 2674 396 2727 tionum
414 2673 519 2744 exigere
537 2685 564 2727 et
582 2673 666 2728 facere
684 2676 799 2746 persolui
817 2675 943 2732 Cbuario
962 2677 1024 2732 dicti
1043 2677 1183 2732 Comunis

292 2849 342 2918 31.
366 2829 416 2896 De
440 2831 604 2898 carceratis
628 2831 843 2921 expediendis.

325 2937 392 2990 ltem
410 2949 530 2990 teneatur
547 2950 660 3008 potestas
679 2939 831 2994 Carceratos
850 2957 917 3012 quos
935 2941 962 2994 in
985 2939 1131 2996 carceribus
1149 2942 1218 2996 dicte
1231 2942 1401 2996 comunitatis
1419 2943 1458 2996 in-

291 3025 392 3078 uenerit
410 3042 454 3078 seu
475 3025 537 3095 poni
557 3025 645 3080 feccrit
663 3028 825 3097 quamcitius
843 3031 957 3082 comode
976 3029 1070 3098 poterit
1088 3030 1210 3099 expedire
1228 3029 1391 3084 absoluendo
1411 3031 1453 3084 uel

290 3113 512 3183 condempnando
530 3131 577 3167 eos
594 3127 673 3185 prout
690 3115 724 3168 de
742 3115 799 3170 iure
816 3117 929 3170 debebit.
950 3117 982 3170 Et
1000 3119 1021 3170 si
1043 3118 1100 3170 boc·
1113 3117 1197 3171 lacere
1215 3135 1270 3172 non
1299 3119 1395 3188 poterit
1412 3130 1455 3171 te-

290 3211 383 3254 neatur
400 3202 471 3272 ipsos
489 3201 619 3272 designari
639 3202 728 3256 suturo
746 3205 887 3258 successori
906 3222 953 3275 per
971 3204 1106 3276 publicum
1124 3203 1339 3259 instrumentum.

293 3377 342 3444 32.
366 3358 417 3425 Dc
439 3381 532 3427 suere
556 3357 714 3428 Comunis
737 3381 805 3427 non
836 3360 1057 3449 expendendo.

325 3464 391 3517 Item
411 3477 556 3518 statuerunt
568 3467 640 3536 quod
652 3466 771 3520 Potestas
789 3467 851 3520 dicti
870 3467 989 3522 Comuni
1008 3469 1090 3539 possit
1108 3471 1254 3540 expendere
1273 3471 1306 3524 de
1325 3487 1369 3524 ere
1387 3471 1455 3524 dicte

290 3553 469 3606 Comunitatis
497 3570 579 3624 usque
605 3555 637 3608 ad
665 3555 765 3608 solidos
792 3555 851 3618 XX,
869 3556 891 3608 si
910 3555 961 3610 hoc
981 3558 1076 3611 uiderit
1095 3559 1217 3628 expedire
1248 3558 1353 3612 utilitati
1376 3558 1456 3628 ipsius

287 3643 418 3706 comunis,
437 3642 550 3697 abinde
569 3659 632 3695 uero
650 3661 735 3714 supra,
754 3645 881 3714 usquead
896 3645 995 3698 solidos
1014 3645 1069 3708 Lx,
1092 3647 1227 3715 papienses
1246 3647 1326 3714 p'ossit
1344 3645 1378 3698 de
1395 3662 1456 3698 con·

288 3731 363 3783 stilio
382 3729 497 3800 Clauarij
517 3741 542 3782 et
561 3731 701 3784 consulum
721 3731 745 3784 Α
764 3731 845 3785 soldis
864 3749 929 3786 uero
948 3729 1004 3796 Lx,
1014 3749 1090 3802 supra
1111 3749 1193 3803 usque
1212 3733 1244 3786 ad
1263 3732 1341 3785 libras
1360 3731 1393 3796 X,
1414 3749 1455 3803 pa·

288 3817 420 3889 piensium
438 3819 519 3888 possit
537 3834 599 3872 cum
617 3819 781 3873 consciencia
800 3821 907 3876 maioris
927 3821 1005 3890 partis
1023 3821 1140 3892 conscilij
1161 3833 1187 3874 et
1206 3837 1260 3874 non
1280 3820 1356 3874 ultra.

291 3995 340 4062 33.
365 3973 415 4042 De
437 3973 567 4042 arbitrio
590 3997 745 4042 concesso
769 3977 930 4064 potestati.

322 4082 389 4134 Item
408 4092 554 4134 statuerunt
572 4082 643 4153 quod
663 4081 689 4134 in
709 4082 810 4134 delictis
828 4095 854 4136 et
872 4084 1020 4135 excessibus
1041 4083 1068 4136 in
1089 4083 1192 4136 statutis
1206 4085 1274 4136 dicte
1287 4084 1456 4137 comunitatis

289 4185 343 4221 non
362 4169 560 4238 comprehensis
578 4181 604 4222 et
623 4185 670 4238 pro
688 4169 879 4234 inobediencia,
899 4171 1077 4232 contumacia,
1097 4183 1123 4223 ct
1154 4184 1276 4241 precepto
1294 4183 1457 4241 contempto,

288 4267 402 4325 potestas
420 4257 514 4308 habeat
532 4256 668 4308 arbitrium
688 4257 813 4324 puniendi
833 4269 859 4310 et
877 4257 1092 4328 condampnandi
1114 4260 1247 4330 usquead
1267 4259 1345 4314 libras
1363 4259 1396 4324 Χ,
1415 4275 1456 4330 pa·

289 4341 421 4412 piensium
441 4357 488 4410 pro
507 4341 633 4414 qualitate
652 4342 711 4397 lacti
730 4357 756 4396 et
775 4361 955 4416 personarum.
