3958 5540
550 497 600 552 130

546 627 600 692 43.
625 606 674 671 De
699 604 819 673 Officio
842 607 954 693 notarii
979 607 1113 695 justicie.

582 713 649 765 Item
667 724 813 766 statuerunt
832 714 903 783 quod
923 713 961 766 bis
979 714 1007 766 in
1026 729 1098 767 anno
1117 730 1163 782 per
1180 711 1242 766 VIII
1261 711 1317 766 dies
1335 723 1396 766 ante
1415 711 1627 782 purificationem
1639 713 1714 766 beate

546 800 629 854 Marie
647 801 765 872 virginis,
783 802 817 854 Et
834 802 946 855 totidem
965 814 1027 855 ante
1045 801 1141 856 festum
1161 802 1230 855 betti
1242 801 1348 870 Eusebij
1366 801 1394 854 in
1408 801 1512 871 publica
1525 800 1714 856 Credeuciaad

547 889 637 943 breuia
655 890 787 960 eligantur
804 891 860 943 duo
878 891 972 960 notarij
993 906 1108 960 quorum
1127 902 1205 960 prout
1223 889 1292 943 inter
1309 907 1338 943 se
1355 889 1531 943 conuenerint
1544 906 1612 943 vnus
1630 889 1664 943 sit
1681 889 1714 944 ad

547 977 677 1032 maleficia
695 991 721 1032 et
739 979 804 1031 alter
821 979 854 1032 ad
874 977 979 1032 Cluilia
999 978 1055 1042 Qui
1074 995 1120 1048 per
1137 995 1183 1031 sex
1202 995 1306 1031 menses
1325 989 1384 1048 post
1401 978 1470 1048 ipsas
1501 977 1655 1031 lestiuitates
1672 978 1715 1031 de

548 1069 626 1120 beant
643 1067 693 1136 ipsi
712 1066 801 1120 officio
820 1067 951 1119 deseruire
969 1079 995 1119 et
1013 1079 1155 1136 antequam
1174 1078 1312 1119 exerceant
1330 1065 1418 1135 ipsum
1436 1064 1556 1118 officium
1574 1078 1714 1119 teneantur

548 1157 633 1226 jurare
651 1157 679 1207 in
699 1156 821 1208 manibus
840 1155 954 1224 Clanarij
975 1154 1076 1207 dictum
1095 1153 1215 1207 officium
1234 1153 1346 1207 fideliter
1363 1170 1492 1218 exercere,
1510 1154 1544 1206 Et
1562 1155 1661 1224 precise
1678 1165 1715 1206 te·

547 1255 661 1297 neantur
678 1242 814 1296 notificare
832 1243 953 1313 potestati
972 1241 1101 1295 Maleficia
1120 1243 1141 1294 si
1160 1259 1212 1312 qua
1231 1243 1356 1295 sciuerint
1369 1241 1425 1295 Iure
1437 1241 1504 1295 facta
1516 1242 1550 1295 Et
1562 1257 1656 1296 omnes
1672 1242 1714 1295 de

548 1332 667 1396 nuntias,
685 1347 790 1384 accusas
808 1344 834 1384 et
852 1331 1038 1401 inquisitiones
1056 1347 1120 1384 mox
1138 1347 1201 1384 cunt
1219 1329 1286 1384 lacte
1314 1331 1410 1383 suerint
1437 1329 1583 1384 describere
1600 1330 1629 1382 in
1647 1329 1715 1384 libro

548 1419 740 1472 maleficiorum
759 1430 785 1471 et
803 1418 945 1471 sollicitare
962 1419 1033 1488 quod
1053 1419 1086 1472 de
1104 1419 1168 1488 ipsis
1188 1417 1454 1488 Condantpnationes
1472 1435 1519 1472 seu
1532 1417 1716 1472 absoluciones

549 1507 622 1572 fiant,
640 1507 673 1559 Et
692 1507 763 1577 quod
782 1505 885 1558 nullam
904 1506 1175 1574 condampnationem
1194 1506 1305 1558 cassabit
1323 1505 1374 1558 nisi
1392 1507 1426 1558 de
1452 1505 1580 1559 mandato
1599 1506 1714 1576 Clauarij

548 1595 615 1648 lacta
633 1594 681 1646 sibi
701 1593 772 1662 prius
791 1591 842 1645 fide
860 1593 931 1662 quod
950 1594 983 1646 sit
1001 1595 1095 1662 scripta
1114 1594 1142 1646 in
1162 1593 1231 1646 libro
1249 1605 1430 1662 prouentuum
1448 1592 1589 1657 ComunIs,
1602 1593 1657 1655 Qui
1670 1610 1717 1646 no-

548 1683 605 1751 tarij
626 1675 745 1751 singulos
763 1681 972 1750 condampnatos
1005 1681 1164 1750 compellere
1191 1681 1292 1751 possint
1310 1681 1343 1734 ad
1361 1680 1410 1733 sibi
1437 1679 1650 1734 satisfaciendum
1668 1698 1717 1751 pro

547 1771 693 1824 cassatione
712 1769 828 1838 ipsarum
847 1769 1124 1838 condempnationum
1143 1769 1216 1822 iuxta
1234 1769 1405 1822 tassationem
1423 1767 1457 1821 Et
1475 1768 1546 1839 quod
1567 1783 1662 1821 omnes
1679 1770 1719 1838 ju-

548 1860 677 1912 dicaturus
695 1856 843 1910 describent
859 1857 887 1908 in
902 1857 970 1910 libro
983 1869 1104 1910 actorum
1117 1871 1142 1910 et
1155 1858 1223 1926 ipsas
1237 1857 1349 1910 fideliter
1361 1857 1469 1927 exigent
1481 1867 1508 1908 et
1520 1854 1588 1908 infra
1597 1872 1718 1910 mensem

548 1957 609 2016 post
627 1946 729 1998 exitum
748 1961 842 1998 eorum
860 1944 941 2014 officij
963 1945 1090 1998 Clauario
1109 1947 1280 1998 acordabunt

550 2092 604 2155 44.
629 2070 678 2134 De
702 2067 869 2134 solucione
892 2069 1091 2134 notariorum
1116 2069 1250 2134 iusticie.

586 2175 672 2228 Possit
691 2175 808 2227 notarius
827 2174 929 2225 iusticie
947 2173 980 2225 ad
1000 2173 1128 2226 maleficia
1148 2175 1287 2242 deputatus
1301 2191 1394 2242 capere
1407 2192 1454 2243 pro
1466 2176 1604 2228 solucione
1622 2193 1637 2227 a
1655 2191 1720 2244 quo

551 2279 666 2332 cumque
675 2275 813 2314 accusante
825 2261 868 2314 uel
882 2261 1058 2313 denunciante
1067 2278 1115 2330 pro
1127 2262 1243 2331 qualibet
1255 2278 1360 2314 accussa
1373 2279 1419 2314 seu
1432 2263 1563 2316 denuntia
1581 2263 1717 2316 scribenda

551 2351 579 2402 in
599 2351 666 2402 libro
685 2350 784 2402 solidos
802 2349 835 2413 ΙΙ,
853 2351 887 2402 Et
905 2365 952 2419 pro
972 2347 1091 2418 quolibet
1109 2363 1174 2401 teste
1192 2350 1228 2402 ibi
1248 2351 1368 2419 apposito
1387 2351 1536 2418 imperiales
1555 2351 1600 2404 Vl.
1619 2351 1653 2403 Et
1671 2367 1718 2420 pro

551 2440 623 2491 dicto
642 2437 767 2508 inculpati
788 2451 814 2490 et
833 2437 1001 2490 fideiussione
1021 2437 1120 2490 solidos
1135 2439 1179 2490 ΙΙΙ.
1199 2439 1232 2490 Et
1250 2455 1297 2507 pru
1317 2438 1392 2507 copis
1411 2439 1490 2492 dauta
1502 2440 1535 2491 de
1554 2439 1616 2508 ipsis
1635 2456 1721 2492 accus-

551 2539 608 2578 sato
627 2527 670 2578 uel
689 2525 849 2579 denunciato
868 2527 890 2577 si
909 2526 993 2595 ipsam
1012 2526 1118 2595 pecierit
1130 2526 1288 2578 tantundem
1300 2527 1373 2578 iuxta
1386 2527 1547 2580 taxationem
1561 2527 1713 2596 predictam.

551 2615 585 2667 Et
603 2615 636 2667 de
654 2631 821 2684 quacumque
839 2613 1013 2683 inquisitione
1031 2613 1205 2681 exeniplenda
1232 2614 1332 2666 solidos
1359 2615 1391 2666 11.
1411 2614 1445 2666 Et
1463 2615 1497 2668 de
1514 2614 1634 2684 quolibet
1652 2627 1719 2667 teste

552 2715 582 2754 ut
600 2719 684 2771 supra.
704 2701 757 2753 Pro
785 2701 974 2753 cancellatione
1003 2717 1066 2753 uero
1085 2701 1224 2754 cuiuslibet
1242 2701 1491 2770 condempnationis
1509 2718 1592 2771 usque
1610 2703 1643 2754 ad
1661 2701 1721 2754 soli·

552 2791 600 2841 dos
619 2789 678 2842 LX.
697 2789 811 2858 recipere
830 2790 911 2858 possit
929 2789 1029 2841 solidos
1048 2789 1093 2840 111.
1113 2789 1146 2840 Et
1165 2806 1248 2858 usque
1266 2790 1298 2841 ad
1312 2789 1428 2842 Centum
1443 2789 1542 2842 solidos
1552 2789 1584 2842 V.
1595 2789 1721 2860 litusque

552 2879 585 2930 ad
604 2878 636 2930 X.
657 2877 734 2930 libras
753 2877 851 2929 solidos
870 2877 915 2930 Vl.
935 2877 968 2929 Et
987 2877 1120 2946 usquead
1139 2877 1222 2929 XXV.
1242 2877 1341 2929 solidos
1360 2877 1395 2931 X.
1427 2878 1461 2931 Et
1479 2894 1562 2947 usque
1580 2878 1613 2930 ad
1632 2878 1662 2932 L.
1681 2895 1721 2931 so·

553 2964 621 3018 lidos
639 2966 697 3019 XV.
717 2966 749 3018 Et
768 2966 901 3035 usquead
921 2965 1037 3018 Centum
1056 2965 1155 3017 solidos
1174 2965 1235 3020 XX.
1255 2965 1360 3018 Abinde
1380 2982 1444 3018 uero
1462 2983 1539 3035 supra
1558 2967 1640 3034 possit
1658 2966 1720 3019 reci-

553 3071 614 3123 pere
635 3067 661 3107 et
682 3055 776 3106 lrabeat
799 3054 932 3106 llorenum
951 3053 970 3106 Ι.

554 3195 607 3263 45.
633 3178 682 3242 De
706 3176 841 3243 Eodem.

590 3284 655 3336 Item
674 3296 822 3337 statuerunt
840 3284 911 3353 qnod
931 3283 1025 3351 nutarij
1046 3283 1148 3334 iusticie
1167 3283 1267 3352 possint
1286 3295 1373 3351 petere
1401 3295 1427 3334 et
1445 3283 1542 3335 habere
1561 3300 1608 3353 pro
1627 3300 1720 3336 eorum

554 3371 644 3423 labore
662 3371 824 3424 solutionem
844 3371 1028 3441 scriptutarum
1048 3387 1185 3423 causarum
1205 3369 1337 3423 Ciuilium
1356 3383 1435 3439 prout
1452 3370 1528 3424 inita

590 3460 724 3528 imprimis
742 3476 790 3529 pro
808 3459 928 3529 quolibet
946 3460 1058 3511 homine
1077 3459 1214 3528 Rupuisito
1234 3459 1377 3511 Robertam
1396 3475 1485 3512 vnarn.

591 3548 623 3599 Et
641 3565 688 3617 pro
708 3548 826 3617 quolibet
845 3559 967 3617 precepto
987 3547 1129 3617 petacltum
1149 3563 1242 3599 vnum.

591 3635 623 3687 Et
643 3653 690 3704 pro
709 3635 827 3704 quolibet
845 3635 1000 3688 Saximento
1019 3635 1152 3704 usquead
1172 3634 1271 3686 solidos
1290 3634 1344 3686 LX.
1364 3634 1463 3688 solidos
1481 3635 1514 3698 11,
1533 3635 1650 3690 asolidis
1667 3637 1722 3690 Lx.

556 3740 639 3792 usque
667 3724 698 3776 C.
726 3723 825 3775 solidos
852 3723 898 3786 Ill,
925 3740 941 3776 a
968 3723 1058 3776 solidis
1086 3723 1117 3775 C.
1137 3739 1219 3792 usque
1238 3723 1270 3775 ad
1289 3721 1367 3774 libras
1384 3723 1417 3775 X.
1437 3723 1536 3776 solidos
1554 3724 1637 3788 1111⁰¹,
1656 3742 1672 3778 a
1690 3725 1723 3778 X.

557 3827 640 3879 usque
657 3811 690 3862 ad
709 3810 787 3861 libras
806 3810 899 3878 viginti
918 3810 1017 3863 solidos
1036 3811 1069 3874 V,
1088 3827 1103 3862 a
1121 3809 1205 3862 XXII.
1226 3827 1308 3879 usque
1326 3809 1356 3862 L.
1376 3810 1475 3863 solidos
1494 3811 1539 3864 VI.
1558 3829 1573 3864 a
1592 3813 1621 3865 L.
1642 3829 1725 3883 usque

556 3897 587 3950 C.
607 3898 706 3950 solidos
725 3897 760 3950 X.
780 3898 923 3967 papienses.
943 3899 976 3950 Et
994 3899 1026 3950 ab
1045 3898 1107 3950 inde
1125 3913 1202 3967 supra
1217 3897 1245 3949 in
1258 3898 1393 3951 taxatione
1404 3899 1540 3968 potestatis
1553 3916 1599 3952 seu
1618 3900 1725 3955 alterius

560 3984 665 4037 Iudicis.

589 4073 657 4125 Item
676 4074 709 4126 de
727 4074 846 4144 quolibet
864 4074 954 4127 libello
981 4075 1009 4126 in
1037 4073 1100 4126 actis
1125 4073 1212 4144 posito
1240 4073 1355 4127 habeant
1385 4075 1532 4129 secundum
1560 4077 1725 4132 taxationem

556 4161 777 4214 stximentorum.

592 4249 633 4299 De
653 4250 767 4302 termino
786 4249 961 4319 respondendi
980 4249 1069 4302 libello
1088 4251 1121 4302 Et
1139 4250 1172 4302 de
1190 4250 1305 4302 termino
1318 4252 1485 4321 proponendi
1498 4253 1665 4325 exceptiones
1676 4255 1726 4308 im·

556 4335 667 4407 periales
684 4337 730 4389 111.
750 4353 798 4407 pro
817 4337 945 4408 quolibet.
