3958 5540
544 511 594 552 102

576 635 619 691 95.
637 620 706 674 Item
733 621 805 691 quod
832 634 953 694 precepto
980 621 1057 678 vuius
1084 623 1200 679 consulis
1229 641 1275 696 per
1292 624 1359 680 ulios
1385 625 1479 680 cessari
1506 639 1640 700 nequeunt
1657 645 1707 684 nec

540 707 625 762 eciam
643 710 788 781 prorogari.

575 847 617 919 96.
636 849 704 904 Item
722 850 794 921 quod
812 851 923 922 quilibet
940 851 1033 906 consul
1062 864 1154 906 contro
1181 852 1248 907 alios
1275 852 1397 908 consules
1415 866 1442 908 et
1463 871 1557 909 eorum
1575 854 1704 910 furnilium

538 936 723 991 iuridicionem
741 939 804 993 dicti
816 939 939 994 comunis
949 939 1034 993 volent
1046 957 1173 994 exercere.

572 1109 615 1167 97.
633 1097 700 1150 Item
719 1097 791 1168 quod
809 1097 931 1152 consules
948 1111 1088 1170 procurent
1107 1113 1137 1153 ut
1154 1110 1267 1154 rectores
1279 1100 1383 1155 domini
1395 1099 1512 1172 episcopi
1526 1102 1559 1156 ad
1573 1101 1704 1156 iusticiam

535 1185 652 1256 deputati
670 1185 757 1240 iurent
775 1186 803 1239 in
822 1187 952 1257 presentia
970 1187 1112 1242 consulum
1130 1200 1157 1242 et
1174 1188 1293 1262 conscilii
1307 1189 1415 1244 cuilibet
1428 1189 1559 1244 iusticiam
1571 1191 1703 1246 exhibere

570 1345 613 1416 98.
631 1344 699 1399 Item
718 1347 790 1418 quod
808 1347 927 1418 quolibet
944 1359 1064 1419 tempore
1083 1360 1109 1402 et
1131 1348 1207 1402 omni
1225 1348 1269 1402 die
1287 1349 1320 1403 nb
1338 1360 1399 1403 ortu
1416 1348 1481 1404 solis
1499 1351 1628 1422 usquead
1646 1366 1704 1404 om·

535 1449 596 1486 sum
614 1433 737 1488 reddatur
754 1434 795 1488 ius
813 1451 859 1506 per
882 1435 1005 1490 consules
1022 1436 1052 1490 in
1070 1436 1175 1508 plathm
1194 1435 1270 1509 plucij
1290 1437 1354 1491 dicti
1372 1439 1502 1493 comunis.

570 1607 613 1664 99.
631 1592 700 1646 Item
718 1593 789 1664 quod
807 1593 854 1664 qui
873 1611 929 1648 non
947 1593 1049 1648 venerit
1066 1595 1100 1648 od
1119 1594 1284 1650 citationem
1305 1595 1447 1650 consulum
1466 1595 1561 1652 factam
1579 1598 1614 1652 ad
1631 1597 1701 1668 peti-

534 1679 641 1734 cionem
658 1679 768 1734 alicuius
785 1681 873 1735 soluat
891 1682 1009 1736 bannum
1026 1681 1176 1738 solidorum
1193 1684 1227 1737 IL
1245 1682 1412 1754 papiensium
1423 1684 1446 1738 si
1458 1701 1504 1756 per
1518 1685 1698 1740 aduersarium

535 1766 612 1821 fuerit
630 1779 765 1822 accusatus
782 1781 809 1823 et
826 1769 998 1840 personaliter
1015 1787 1061 1842 per
1080 1771 1210 1826 nuncium
1227 1769 1261 1826 sit
1279 1772 1412 1828 inuentus.

572 1940 629 1980 roo.
648 1927 716 1982 Item
734 1929 806 1999 quod
824 1928 892 1983 circo
910 1929 1048 1983 citationes
1065 1946 1209 2001 processus,
1241 1942 1362 2002 precepto
1393 1942 1419 1984 et
1437 1930 1487 1985 ulia
1515 1948 1568 2003 que
1584 1943 1702 2003 spectant

533 2015 566 2069 od
585 2013 704 2070 officium
722 2016 785 2070 dicti
803 2017 941 2088 regiminis
959 2019 1078 2072 credentr
1096 2017 1204 2073 cuilibet
1222 2019 1327 2074 nuncio
1346 2019 1410 2073 dicti
1428 2019 1550 2074 comunis
1571 2021 1665 2075 iurato,

572 2174 806 2246 tot.1temquod
823 2175 936 2230 seruitor
953 2177 1016 2230 dicti
1034 2178 1157 2232 comunis
1175 2178 1234 2232 sine
1252 2177 1358 2232 licentio
1387 2178 1528 2234 consulum
1554 2179 1701 2234 Citntiones

533 2261 619 2317 lacere
637 2263 726 2335 possit.

571 2407 701 2460 ronltem
710 2408 783 2479 quod
792 2406 881 2462 nullus
890 2407 972 2478 possit
980 2407 1053 2462 citari
1062 2425 1111 2462 nec
1118 2408 1142 2461 ei
1150 2409 1294 2463 terminum
1303 2409 1429 2480 assignari
1440 2409 1490 2464 nisi
1500 2408 1582 2464 semel
1590 2425 1641 2464 vnn
1648 2407 1699 2464 die.

570 2548 803 2620 103.1temquod
831 2549 853 2603 si
880 2566 939 2604 reus
966 2549 1137 2620 personaliter
1164 2551 1258 2605 citatus
1291 2553 1324 2606 ud
1343 2551 1461 2622 primurn
1479 2551 1625 2606 terminum
1642 2567 1698 2604 non

531 2637 634 2690 uenerit
651 2637 773 2690 consules
791 2649 895 2707 recepto
913 2638 946 2691 ob
963 2650 1052 2692 amore
1070 2638 1220 2692 iuramento
1242 2640 1315 2710 quod
1333 2639 1515 2710 columpniose
1541 2656 1596 2694 non
1625 2639 1699 2709 petit,

531 2725 627 2795 pignus
645 2725 678 2778 de
696 2725 774 2778 bonis
791 2725 837 2790 rei,
856 2727 937 2778 actori
956 2725 1012 2780 duri
1030 2724 1126 2780 fuciunt
1144 2743 1192 2797 pro
1210 2727 1302 2782 debito
1321 2743 1406 2800 usque
1423 2728 1456 2782 ad
1466 2727 1641 2799 quantitatem
1658 2743 1699 2780 so

531 2813 649 2866 lidorum
667 2811 725 2866 XX.
743 2812 919 2884 papiensium.

568 2983 626 3036 1⁰4·
644 2972 713 3025 Item
730 2973 803 3043 quod
820 2971 842 3026 si
861 2973 945 3044 primo
964 2986 990 3028 et
1007 2975 1123 3028 semodi
1140 2975 1198 3029 vice
1217 2973 1295 3028 fuerit
1323 2986 1468 3030 contumax
1495 2975 1592 3046 pignus
1623 2975 1699 3029 detur

531 3059 612 3112 actori
631 3075 679 3131 pro
697 3076 748 3113 suo
764 3061 855 3115 debito
873 3079 956 3133 usque
974 3063 1007 3116 od
1026 3062 1127 3116 solidos
1145 3063 1200 3117 LX.

564 3147 638 3202 Etsi
656 3165 702 3219 per
719 3161 771 3203 tres
788 3151 917 3205 terminos
934 3163 1042 3205 vocatus
1060 3168 1116 3206 non
1135 3151 1236 3206 venerit
1254 3151 1445 3223 pronunciemr
1463 3164 1489 3206 et
1517 3151 1563 3206 fist
1590 3151 1697 3224 pagatio

532 3236 560 3289 in
579 3237 657 3290 bonis
674 3237 736 3292 suis

568 3411 626 3465 105·
644 3397 712 3450 Item
731 3399 802 3469 quod
821 3414 880 3452 reus
898 3399 1007 3453 veniens
1024 3399 1092 3454 inlrn
1110 3400 1143 3454 X.
1162 3400 1218 3455 dies
1246 3413 1305 3472 post
1334 3401 1472 3456 dationem
1490 3400 1634 3473 pignorum
1652 3400 1694 3454 uel

529 3482 702 3539 liurncionem
721 3487 853 3539 bonorum
872 3503 981 3540 suorum
999 3489 1055 3558 ipso
1074 3489 1143 3542 bona
1162 3501 1188 3542 et
1207 3490 1318 3560 pignora
1337 3507 1491 3560 recuperare
1509 3491 1598 3544 ualent
1615 3491 1695 3544 resti-

528 3573 592 3626 tutis
609 3575 730 3643 expensis
747 3575 829 3627 nctori
856 3587 883 3627 et
900 3576 934 3628 de
952 3577 1068 3645 parendo
1095 3577 1146 3629 iuri
1172 3578 1276 3648 ydoneo
1307 3580 1412 3648 prestita
1431 3579 1561 3633 cautione.
1581 3579 1614 3632 Et
1633 3590 1692 3648 post

529 3661 641 3714 modum
659 3662 694 3715 de
711 3661 853 3733 prencipuli
872 3662 961 3716 debito
980 3676 1162 3734 cognoscatur.

565 3819 623 3873 106.
643 3820 709 3874 ltem
728 3822 800 3892 quod
818 3833 877 3892 post
895 3822 1066 3894 pagationem
1084 3823 1224 3877 drucionem
1242 3823 1388 3894 pignorum
1407 3825 1572 3878 sentenciam
1590 3840 1636 3878 seu
1655 3823 1694 3875 iu·

527 3919 678 3961 romuntum
696 3925 774 3980 super
800 3909 890 3964 debito
919 3911 1057 3980 prestitum
1085 3912 1117 3964 nb
1136 3923 1232 3976 nctme,
1251 3929 1310 3966 reus
1329 3912 1424 3966 uolens
1442 3913 1582 3966 ostendere
1599 3927 1692 3965 verum

528 3995 647 4048 debitum
665 4012 721 4050 non
740 3997 827 4062 fluisse,
845 4010 892 4052 aut
909 3997 996 4068 ipsum
1015 3998 1133 4052 debitum
1152 3999 1254 4070 integre
1272 4001 1445 4070 persolutum,
1463 4018 1479 4053 o
1497 4000 1541 4053 die
1558 3999 1693 4054 sentencie

527 4082 571 4135 uel
589 4085 685 4139 aterius
703 4085 889 4156 predictorum,
907 4086 992 4141 audiri
1009 4087 1104 4142 debent
1122 4089 1255 4160 usquead
1274 4105 1403 4144 mensem.

567 4239 624 4293 1⁰7·
642 4225 710 4279 Item
728 4228 800 4297 quod
819 4227 841 4281 si
858 4229 988 4298 aparuerit
1006 4241 1123 4284 actorem
1151 4229 1247 4285 iniuste
1274 4230 1373 4302 aliquid
1402 4231 1528 4300 recepisse
1546 4229 1612 4286 illud
1631 4249 1692 4286 cum

528 4312 648 4384 expensis
666 4325 786 4368 tenentur
803 4315 940 4370 resistuere
958 4318 1131 4388 duplicatum.
