3958 5540
520 513 554 568 92

554 622 641 676 Saluis
659 634 685 675 et
702 620 838 674 reseruatis
856 621 958 675 statutis
975 621 1098 674 comunis
1116 620 1221 691 bugelle
1239 619 1312 674 actis
1330 633 1356 674 et
1374 620 1499 674 iaciendis
1517 619 1681 676 correctione

519 711 736 778 augmentatione
753 709 860 761 arbitrio
887 721 913 760 et
941 707 1077 761 voluntate
1105 707 1245 761 consulum
1263 709 1386 762 comunis
1405 707 1510 778 bugella
1527 721 1554 760 et
1572 709 1678 778 sapien-

519 807 578 848 tum
596 797 659 849 dicti
676 796 806 849 comunis.
825 795 866 849 De
884 796 979 867 quibus
1006 807 1032 847 et
1057 811 1135 864 super
1161 797 1256 865 quibus
1274 811 1378 865 semper
1404 795 1505 865 possint
1522 794 1637 848 diffinire
1654 807 1681 848 et

520 881 650 935 declarare
667 883 710 936 cui
728 881 881 936 diffinitioni
899 893 925 936 et
943 880 1113 935 declarationi
1131 899 1235 952 semper
1252 895 1320 936 state
1337 894 1484 936 teneantur.
1502 883 1536 936 Et
1549 895 1681 951 ponantur

519 970 588 1023 dicta
605 981 700 1026 statuta
718 969 747 1023 in
764 968 833 1022 libro
851 981 1007 1023 statutorum
1027 969 1149 1022 comunis
1167 969 1280 1040 bugella

555 1109 589 1163 Iu
607 1109 718 1162 nomine
736 1107 839 1162 domini
857 1125 944 1161 amen.
962 1107 1044 1162 Anno
1062 1108 1207 1162 natiuitatis
1224 1108 1343 1161 eiusdem
1362 1107 1609 1164 M⁰CCCXLVIIL
1628 1107 1680 1162 ln·

519 1197 625 1250 dicione
643 1196 734 1266 prima.
754 1197 796 1249 die
808 1196 841 1248 V.
855 1197 966 1250 menssis
978 1195 1073 1264 aprilis.
1086 1196 1120 1250 In
1139 1195 1225 1265 placio
1237 1196 1342 1266 bugelle
1353 1212 1431 1265 super
1443 1195 1544 1265 palacio
1557 1197 1680 1250 comunis

520 1283 632 1354 bugelle.
651 1283 814 1353 presentibus
832 1283 941 1336 testibus
959 1282 1095 1352 Maylredo
1113 1299 1197 1352 cagna
1215 1295 1241 1336 et
1260 1295 1333 1352 petro
1366 1283 1485 1336 barberio
1511 1283 1681 1336 seruitoribus

519 1372 642 1426 comunis
659 1371 772 1440 bugelle
792 1371 887 1440 Ibique
904 1371 933 1423 in
951 1369 1029 1440 plena
1047 1371 1179 1423 credentia
1196 1370 1319 1424 comunis
1337 1370 1442 1440 bugelle
1454 1371 1595 1424 adsonum
1613 1387 1681 1423 mm·

521 1475 588 1530 pane
606 1475 682 1512 more
699 1457 779 1511 solito
796 1470 956 1527 congregata
986 1457 1164 1511 demandato
1192 1458 1364 1512 dominorum
1391 1457 1482 1510 Vberti
1510 1459 1543 1511 de
1561 1473 1682 1511 camosso

519 1547 658 1616 iurisperiti
677 1545 791 1598 clauarii.
811 1545 939 1597 Franzoni
957 1545 1052 1598 tarditi.
1071 1545 1191 1598 Vbertini
1221 1546 1255 1598 de
1281 1546 1432 1614 codecapm,
1460 1557 1486 1598 et
1501 1545 1631 1614 Johannis
1649 1546 1683 1598 de

519 1634 629 1688 henrico
646 1632 745 1685 villano
763 1631 904 1684 consulum
922 1631 1044 1684 comunis
1062 1633 1175 1702 bugelle.
1187 1633 1231 1685 Ad
1243 1649 1324 1702 quam
1336 1645 1519 1686 conuenerunt
1535 1633 1587 1686 due
1599 1645 1683 1702 partes

520 1731 546 1774 et
565 1719 632 1773 ultra
650 1717 885 1781 consoliariomm,
903 1730 929 1771 et
948 1718 1184 1772 credenciariorum
1202 1736 1249 1789 per
1262 1735 1330 1789 quos
1342 1720 1441 1790 regitur
1453 1720 1566 1790 populus
1577 1732 1604 1772 et
1616 1732 1683 1772 terra

524 1806 629 1876 bugelle
647 1805 811 1876 propositum
830 1804 881 1857 fuit
898 1821 943 1873 per
961 1805 1032 1873 ipsos
1050 1805 1171 1858 consules
1189 1807 1261 1877 quod
1280 1807 1390 1876 draparij
1412 1819 1438 1859 et
1456 1807 1548 1876 lanarij
1569 1807 1602 1859 de
1625 1805 1683 1876 ipso

523 1893 584 1946 loco
603 1893 672 1946 inter
689 1909 717 1945 se
735 1905 915 1946 conuenerant
933 1904 959 1944 et
977 1892 1091 1962 quedam
1109 1893 1137 1945 in
1166 1893 1267 1962 scriptis
1297 1893 1487 1947 ordinaueruut
1513 1893 1546 1945 ad
1565 1893 1683 1946 officium

521 1981 681 2049 pertinencia
699 1981 855 2032 eorumdem
873 1997 925 2049 que
942 1981 975 2031 ab
993 1980 1051 2048 ipso
1069 1979 1178 2033 comuni
1206 1979 1372 2050 postulabant
1399 1997 1461 2033 cum
1488 1980 1615 2033 instancia
1633 1997 1682 2048 ap-

522 2067 633 2136 probari.
652 2067 731 2119 Vnde
748 2067 838 2119 habita
856 2065 983 2118 relatione
1001 2066 1150 2136 sapientum
1168 2067 1215 2135 qui
1233 2069 1348 2137 predicta
1366 2067 1507 2136 diligenter
1518 2068 1684 2120 examinaue

521 2166 582 2207 runt
600 2166 695 2206 stamta
722 2171 768 2222 per
795 2169 875 2222 quarn
902 2151 1040 2205 manifeste
1068 2155 1204 2206 constabat
1221 2156 1294 2223 quod
1315 2155 1429 2223 predicta
1447 2165 1543 2208 statuta
1561 2171 1593 2206 ex
1612 2155 1684 2206 bono

522 2239 595 2293 sonte
613 2252 791 2310 processerant
809 2239 842 2292 ad
861 2238 964 2291 fraudes
982 2239 1158 2292 excludendas
1176 2252 1202 2293 ct
1221 2241 1354 2294 honorem
1372 2257 1402 2294 ac
1430 2240 1514 2293 eciam
1541 2240 1684 2293 utilitatem

521 2327 590 2380 dicte
608 2339 675 2380 terre
693 2327 788 2396 pariter
805 2339 831 2378 et
850 2325 996 2396 profectum
1015 2327 1124 2394 predicti
1142 2328 1263 2381 consules
1280 2327 1375 2382 volunt
1387 2341 1413 2380 et
1425 2329 1458 2381 de
1471 2343 1614 2380 consenssu
1628 2344 1683 2396 pre

521 2415 590 2466 dicte
608 2415 739 2467 credentie
767 2414 880 2482 predicta
906 2424 1001 2465 statuta
1029 2413 1126 2465 ibidem
1155 2416 1183 2467 in
1211 2428 1339 2484 quaterno
1370 2427 1514 2484 presentata
1538 2430 1684 2484 eorumque

522 2500 666 2569 collegium
683 2513 710 2553 et
727 2501 918 2553 conuentiones
936 2517 968 2552 ex
986 2513 1055 2552 certa
1073 2500 1181 2554 scientia
1209 2503 1427 2570 approbaoetunt
1455 2501 1489 2554 Et
1514 2513 1685 2570 preceperunt

522 2589 570 2640 sub
589 2588 682 2640 bannis
700 2589 728 2640 in
746 2589 784 2640 eis
802 2589 932 2642 contentis
950 2590 978 2642 in
996 2590 1154 2644 violabiliter
1172 2602 1297 2658 perpetuo
1316 2589 1450 2642 obseruari
1468 2605 1497 2640 ac
1517 2589 1580 2657 poni
1598 2600 1625 2641 et
1643 2589 1686 2640 de

522 2675 633 2728 describi
652 2677 800 2746 sumptibus
827 2676 945 2744 ipsorum
973 2677 1155 2746 drapariorum
1174 2678 1201 2728 in
1221 2677 1283 2728 dicti
1301 2675 1423 2728 comunis
1441 2675 1581 2728 uolumine
1599 2687 1684 2728 statu-

523 2775 613 2815 torum
631 2763 664 2814 ad
683 2763 868 2816 certitudinem
887 2764 1049 2832 presentium
1067 2777 1094 2816 et
1112 2763 1271 2816 memoriam
1290 2763 1447 2816 futurorum.
1466 2763 1499 2814 Et
1517 2763 1550 2814 de
1563 2762 1685 2831 predictis

523 2861 674 2918 preceptum
692 2862 731 2901 est
748 2850 870 2902 Antonio
888 2851 989 2903 Alberti
1008 2852 1150 2920 gambaroe
1168 2850 1273 2903 notario
1291 2850 1413 2903 comunis
1432 2848 1536 2919 bugella
1549 2849 1684 2919 publicum

523 2937 637 2989 condere
655 2936 861 2992 instrumentum
880 2938 912 2990 ad
930 2931 1196 3008 sapientis‘ditatum.
