3958 5540
1426 513 1458 566 95

335 639 375 692 23·
395 623 465 678 Item
483 623 555 694 quod
573 623 662 676 nullus
681 623 707 676 in
727 624 845 694 personis
862 621 905 675 uel
918 623 994 675 rebus
1006 621 1100 674 debeat
1115 637 1161 674 eos
1173 619 1308 674 offendere
1320 631 1365 674 aut
1377 620 1461 674 eciam

298 711 415 780 inpedire
433 710 466 764 Et
483 710 672 764 contrafaciens
690 711 776 765 soluat
793 710 859 764 illud
878 711 996 764 bannum
1015 709 1086 778 quod
1105 707 1208 762 soluere
1217 709 1322 761 deberet
1340 707 1362 760 si
1381 705 1462 762 offen·

298 799 377 851 disset
395 797 538 851 hominem
556 799 590 852 de
608 797 721 868 bugella.

334 951 375 1002 ²4·
395 936 464 990 ltem
483 937 554 1007 quod
572 937 593 990 si
612 937 706 1006 aliquis
724 936 804 990 uellet
822 935 956 988 offendere
985 945 1143 988 mercatores
1170 933 1213 988 uel
1231 933 1298 988 alios
1326 935 1461 988 venientes

298 1025 331 1078 ad
349 1023 436 1076 iorum
454 1024 578 1076 homines
596 1023 705 1094 Bugelle
723 1024 744 1076 si
762 1024 800 1076 ibi
818 1023 938 1076 adessent
955 1023 984 1074 in
1003 1038 1097 1076 eorum
1116 1021 1242 1086 districtu,
1261 1037 1323 1074 cum
1341 1023 1459 1075 modera-

298 1111 371 1164 mine
388 1109 520 1181 inculpate
545 1111 626 1164 tutele
654 1111 766 1164 debeant
792 1126 838 1164 eos
866 1108 977 1164 fideliter
995 1109 1120 1162 adiuuare
1138 1110 1187 1162 sub
1206 1109 1294 1162 banno
1312 1107 1459 1162 solidorum

298 1198 356 1252 XX.
375 1197 548 1268 papiensium.

335 1352 375 1404 25.
395 1337 464 1392 item
483 1337 553 1406 quod
573 1336 661 1389 nullus
679 1337 772 1390 debeat
789 1337 925 1390 extrahere
943 1349 1015 1390 extra
1034 1336 1168 1391 sortilicias
1186 1336 1291 1406 bugelie
1309 1335 1460 1390 saluaxinas

298 1439 349 1476 oua
368 1441 413 1476 seu
432 1423 547 1478 volatilia
565 1439 642 1477 causa
660 1424 814 1494 exportandi
832 1436 904 1478 extra
922 1426 1083 1480 territorium
1102 1425 1207 1496 bugeile
1225 1426 1273 1479 sub
1293 1426 1381 1478 banno
1399 1424 1459 1478 soli·

300 1511 395 1564 dorum
414 1511 475 1566 XX.
495 1511 669 1582 papiensium.

641 1714 665 1766 4.
685 1699 733 1754 DE
752 1699 944 1756 MENSURIS.
966 1731 998 1740 -
1018 1699 1072 1753 Foi.
1091 1715 1116 1754 α

334 1873 374 1926 26.
394 1872 427 1928 in
447 1873 537 1944 primis
555 1885 682 1928 statutum
700 1874 829 1946 estquod
847 1889 963 1928 comune
981 1887 1107 1945 perpetuo
1126 1873 1220 1928 debeat
1239 1875 1336 1929 habere
1353 1888 1380 1929 et
1405 1893 1458 1928 ma·

298 1973 424 2014 nutenere
443 1977 578 2014 mensuras
596 1974 622 2014 et
641 1963 757 2032 pondera
776 1961 937 2032 infrascripta
955 1961 1003 2034 (r).

333 2115 374 2169 27.
394 2099 463 2154 Item
482 2101 553 2172 quod
572 2101 648 2154 omni
666 2117 738 2154 anno
757 2101 790 2154 de
808 2117 900 2156 mense
917 2101 1063 2156 decembris
1087 2103 1200 2156 debeant
1230 2101 1356 2156 assumari
1375 2115 1401 2156 et
1419 2103 1457 2155 si-

297 2187 371 2258 gnari
389 2203 484 2241 omnes
513 2205 636 2242 mensure
654 2201 680 2242 et
697 2189 814 2258 pondera
844 2188 1025 2244 habitandum
1053 2189 1081 2242 in
1100 2189 1205 2261 bugella
1223 2207 1269 2262 per
1286 2203 1460 2244 assumatores

297 2275 359 2329 dicti
377 2275 509 2330 comunis.

333 2415 373 2468 28.
392 2415 462 2470 Item
481 2415 552 2486 quod
572 2415 682 2486 quilibet
699 2429 802 2486 portare
820 2418 913 2470 debent
940 2417 1011 2471 dicto
1038 2429 1156 2488 tempore
1187 2434 1247 2471 suas
1277 2435 1411 2471 mensuras
1430 2431 1456 2472 et

298 2504 412 2572 pondera
431 2503 493 2572 ipsis
511 2505 724 2568 assumatoribus,
743 2521 790 2574 pro
818 2505 881 2574 ipsis
909 2506 1074 2558 assumendis
1100 2517 1127 2560 et
1145 2505 1280 2576 signandis
1298 2507 1377 2575 signo
1395 2506 1456 2559 dicti

298 2607 427 2643 comune.

333 2743 374 2793 29.
393 2727 462 2782 Item
481 2731 552 2800 quod
572 2730 660 2782 nullus
679 2731 705 2782 in
726 2731 866 2783 vendendo
886 2731 927 2783 uei
948 2733 1062 2784 emendo
1082 2733 1119 2784 uti
1133 2733 1225 2784 debeat
1238 2731 1397 2801 ponderibus
1410 2746 1458 2782 nec

297 2815 425 2867 mensuris
444 2833 498 2868 non
517 2817 626 2884 signatis
644 2817 722 2886 siguo
740 2819 802 2870 dicti
829 2818 951 2871 comunis
963 2820 1027 2914 'sub
1057 2821 1146 2873 banno
1164 2819 1311 2872 solidorum
1330 2818 1387 2872 XX.
1407 2833 1455 2888 pe-

297 2901 428 2970 piensium
447 2919 494 2974 pro
516 2904 630 2974 qualibet
656 2905 719 2957 vice.

334 3055 373 3106 30.
394 3041 462 3093 Item
481 3043 552 3112 quod
571 3044 695 3097 consules
714 3057 852 3098 teneantur
870 3045 1031 3097 omnianno
1049 3045 1082 3098 de
1094 3061 1184 3096 mense
1197 3044 1307 3114 januarij
1328 3043 1459 3114 inquirere

297 3143 432 3180 mensuras
450 3141 476 3181 et
495 3131 610 3198 pondera
629 3133 784 3200 supradicta.

490 3339 511 3390 ς.
532 3323 579 3376 DE
599 3322 717 3378 RUGiA
737 3323 784 3376 ET
803 3323 947 3378 SULCIIS
966 3323 976 3390 (
995 3325 1014 3392 ).
1036 3353 1067 3362 --
1089 3321 1140 3374 Ful.
1160 3336 1205 3374 cn.
1224 3335 1280 3374 ern.

334 3517 373 3568 31.
394 3503 463 3557 item
482 3499 553 3568 quod
573 3513 698 3568 perpetuo
719 3511 921 3552 manuteneatur
939 3499 1024 3568 Rugia
1044 3516 1095 3570 que
1114 3499 1209 3554 labitur
1227 3519 1272 3570 per
1291 3501 1404 3572 piacium
1423 3502 1458 3554 ita

295 3591 366 3658 quod
386 3606 492 3657 semper
510 3605 555 3658 per
572 3605 630 3639 eum
650 3605 716 3656 aqua
734 3589 860 3640 decurrat

333 3743 371 3793 32.
393 3728 461 3787 item
481 3729 550 3798 quod
570 3727 659 3780 nuilus
677 3729 721 3782 det
739 3729 855 3798 dapnum
872 3729 900 3782 in
920 3728 987 3782 iteto
1008 3729 1092 3796 Rugie
1112 3729 1236 3798 Ripaticis
1255 3729 1296 3782 uel
1316 3729 1449 3782 canalibus

295 3817 342 3868 sab
362 3817 450 3868 banno
469 3816 616 3868 solidomm
638 3815 693 3868 XL.

333 3971 371 4022 33.
392 3956 460 4010 item
480 3955 550 4024 quod
570 3955 657 4008 nuilus
677 3969 756 4026 ponat
776 3957 802 4008 in
822 3957 897 4008 dicus
915 3955 979 4008 locis
993 3955 1118 4008 triuolum
1132 3957 1231 4010 nrolam
1246 3957 1287 4010 uei
1304 3955 1457 4010 hediticium

294 4045 342 4096 sub
362 4045 449 4096 banno
468 4043 592 4114 predicto.

324 4217 354 4267 (a)
367 4217 434 4256 Larus
448 4229 531 4257 sunna.

326 4287 357 4340 (a)
373 4286 437 4326 Verba
450 4293 467 4326 rt
480 4287 543 4326 nictu
558 4287 658 4342 posterius
674 4286 826 4336 uticensem.
