3926 5542
536 533 588 584 204

572 659 614 709 41.
633 643 701 696 Item
719 642 854 695 Statutum
872 653 918 694 est
938 641 1020 704 Quod
1039 639 1150 711 quilibet
1176 639 1294 692 seruiens
1321 639 1349 693 in
1376 639 1448 693 dicto
1474 639 1561 694 offitio
1579 650 1699 692 teneatur

537 730 613 783 finire
631 743 657 783 et
675 730 820 800 adimplere
838 745 886 799 pro
904 745 980 799 posse
997 745 1080 799 nsque
1097 729 1130 782 ad
1148 728 1363 797 sententiamper
1380 739 1433 781 tres
1450 743 1556 782 mmssa
1573 739 1633 797 post
1650 725 1703 780 eai-

537 830 595 871 tum
613 819 654 872 sui
673 817 763 888 officij,
781 833 876 872 omnes
895 833 1031 888 processus
1049 815 1200 870 criminales
1218 816 1326 885 quossi
1355 814 1432 868 finire
1460 832 1516 870 non
1543 815 1641 886 poterit
1657 813 1701 867 uel

537 905 691 976 neglexerit,
709 905 802 960 Notari
820 905 870 959 sibi
889 905 1010 976 proxime
1027 905 1197 959 succedentes
1216 903 1244 957 in
1263 905 1321 973 ipso
1339 902 1425 958 offitio
1443 915 1583 957 terreantur
1600 915 1627 956 et
1645 919 1703 972 pos-

537 995 589 1048 sint
608 995 680 1064 ipsos
693 1009 828 1064 processus
839 993 915 1047 finire
927 1005 954 1046 et
972 992 1123 1062 adimplere.
1143 993 1176 1045 Et
1193 1003 1257 1045 tunc
1275 992 1369 1062 elapsis
1388 992 1450 1062 ipsis
1461 992 1545 1044 tribus
1557 992 1701 1056 mensibus,

536 1085 569 1136 ad
589 1083 788 1152 requisitionem
806 1083 937 1135 dictorum
950 1083 1122 1134 Notariorum
1133 1081 1253 1150 proxime
1261 1080 1469 1144 succedentium,
1478 1081 1702 1151 quandocumque

536 1183 675 1224 teneantur
692 1169 736 1223 llli
752 1171 845 1223 Notari
864 1171 1031 1240 precedentes
1058 1185 1157 1238 ponere
1175 1181 1201 1221 et
1220 1170 1352 1222 remittere
1379 1169 1407 1221 in
1435 1169 1558 1221 manibus
1582 1169 1701 1238 ipsomrn

535 1259 732 1312 succedentium
762 1259 842 1312 libros
870 1259 989 1329 ipsorum
1017 1274 1168 1328 processum
1196 1257 1253 1310 sine
1280 1257 1368 1328 aliqua
1386 1257 1541 1328 exceptione
1559 1272 1605 1309 seu
1624 1256 1700 1310 solu-

535 1361 617 1401 tione.

570 1523 612 1574 42.
631 1507 698 1560 Item
718 1507 853 1560 Statumm
871 1519 917 1560 est
938 1507 1020 1570 Quod
1038 1506 1130 1560 omnia
1148 1517 1174 1560 et
1193 1505 1296 1576 singula
1324 1504 1495 1575 suprascripta
1523 1504 1578 1556 vim
1604 1503 1700 1558 Statuti

535 1608 661 1665 perpetuo
679 1595 795 1648 duraturi
823 1596 949 1660 obtineat,
977 1611 1026 1647 nec
1053 1594 1135 1664 possit
1163 1609 1241 1664 super
1267 1593 1400 1664 premissis
1428 1591 1527 1663 aliquid
1555 1593 1699 1662 dispensari

534 1684 630 1736 mutari
649 1683 692 1736 uel
711 1683 850 1746 annullari,
860 1683 911 1736 nisi
930 1700 1024 1736 omnes
1043 1683 1076 1735 de
1094 1683 1165 1735 dicto
1184 1681 1308 1751 Collegio
1327 1681 1379 1734 sint
1397 1691 1530 1752 presentes
1548 1692 1574 1734 et
1592 1695 1701 1734 consen·

533 1771 635 1824 tientes.
656 1769 843 1841 Tenenturque
861 1771 983 1834 Quilibet
1001 1771 1035 1824 de
1053 1771 1125 1823 dicto
1144 1769 1267 1839 Collegio
1286 1769 1401 1839 predicta
1428 1768 1521 1822 omnia
1549 1779 1576 1821 et
1593 1767 1700 1838 singula

533 1861 673 1912 obseruare
691 1873 717 1912 et
736 1873 826 1912 contra
839 1877 895 1913 non
914 1859 998 1912 facere
1016 1859 1060 1912 uel
1079 1859 1177 1911 venire.
1197 1858 1229 1911 Et
1248 1870 1338 1910 contra
1369 1859 1467 1910 iaciens
1485 1857 1519 1910 sit
1537 1857 1657 1926 penums
1675 1867 1700 1908 et

534 1947 640 2000 infamis
659 1960 684 2000 et
703 1949 736 2000 de
754 1947 812 2017 ipso
831 1948 955 2018 Collegio
967 1947 1100 2000 exclussus
1112 1947 1170 2014 ipso
1183 1944 1259 1998 sacto
1273 1944 1359 1998 Saluis
1372 1961 1475 2016 semper
1484 1945 1547 2015 Jure
1559 1957 1585 1997 et
1597 1945 1701 1998 honore

533 2035 693 2106 prefatorum
713 2036 884 2088 dominorum
903 2035 1075 2088 illustrissimi
1090 2033 1213 2103 principis
1225 2045 1252 2084 et
1264 2032 1358 2086 excelsi
1372 2050 1465 2086 eorum
1479 2032 1583 2086 domini
1596 2031 1699 2084 domini

533 2124 615 2176 Ducis
634 2123 773 2188 Sabaudie,
793 2124 994 2193 Reuerendique
1013 2124 1040 2174 in
1060 2121 1148 2176 Cristo
1166 2120 1246 2190 patris
1264 2133 1290 2172 et
1312 2121 1416 2173 domini
1444 2120 1547 2174 domini
1575 2119 1698 2190 Episcopi

533 2211 706 2264 vercellensis
725 2224 751 2264 et
769 2211 884 2263 Comitis
902 2229 931 2263 ac
951 2210 1082 2264 Comunis
1102 2208 1218 2279 Bugelle‚
1243 2208 1338 2277 quibus
1365 2209 1415 2278 ipsi
1445 2208 1537 2262 Notati
1566 2207 1592 2260 in
1612 2208 1699 2277 aliqua

535 2313 607 2368 parte
625 2301 756 2353 dictorum
776 2299 940 2352 Statutorum
959 2316 1014 2352 tton
1033 2300 1178 2352 Intendunt
1197 2296 1345 2368 aliqualiter
1363 2298 1510 2366 dertogare.

567 2509 609 2562 43.
630 2495 662 2548 In
682 2494 793 2546 nomine
812 2493 914 2546 domini
934 2493 1016 2545 nostri
1034 2479 1090 2564 {hu
1103 2479 1152 2563 'spi
1173 2495 1269 2556 Amen,
1284 2493 1365 2545 Anno
1383 2509 1398 2546 a
1416 2491 1562 2545 Natiuitate
1580 2491 1699 2544 eiusdem

531 2595 652 2635 currente
670 2581 815 2633 Millesimo
832 2581 1088 2650 quadrigentessimo
1107 2581 1250 2650 sigessimo
1269 2597 1343 2632 nono
1362 2579 1500 2634 indicione
1527 2579 1638 2649 septima
1656 2579 1699 2632 die

532 2669 680 2739 penultimo
699 2669 797 2720 mensis
816 2669 962 2721 decembris
981 2669 1144 2737 presentibus
1162 2667 1286 2722 Testibus
1313 2667 1434 2721 iohanne
1464 2668 1497 2721 de
1516 2667 1587 2720 Beni
1606 2679 1632 2720 et
1650 2683 1697 2720 ca·

531 2758 631 2828 pellino
648 2757 818 2810 seruitoribus
836 2757 958 2808 comunis
978 2756 1083 2825 bugelle
1101 2757 1188 2809 Hodie
1206 2757 1233 2808 in
1253 2756 1331 2825 plena
1349 2755 1481 2808 credentia
1500 2755 1622 2808 comunis
1641 2755 1697 2808 Bu-

530 2845 600 2916 gelle
618 2857 763 2897 conuocato
782 2856 808 2896 et
826 2857 985 2914 congregata
1004 2861 1081 2914 super
1099 2843 1200 2913 palacio
1219 2843 1287 2914 placi
1300 2843 1363 2896 dicti
1376 2843 1498 2895 comunis
1511 2843 1554 2894 vbi
1568 2842 1630 2896 talia
1643 2841 1699 2895 fieri

530 2934 617 2986 solent
635 2934 668 2986 de
686 2933 812 2985 mandato
831 2932 969 2984 Nobilium
988 2933 1105 2984 uirorum
1124 2931 1300 2984 dominorum
1320 2930 1432 3000 Antonij
1452 2930 1530 2982 ottini
1541 2929 1632 2982 villani
1650 2929 1700 2983 cla·

530 3023 595 3093 uarij
616 3021 700 3075 Tadei
719 3023 752 3074 de
770 3022 841 3074 carlo
861 3020 976 3074 Bertoldi
995 3033 1073 3074 conte
1092 3033 1119 3073 et
1138 3019 1286 3089 Guglielmi
1319 3019 1440 3072 manichi
1467 3017 1608 3072 consulum
1636 3019 1699 3072 dicti

530 3111 654 3164 comunis
672 3127 740 3163 sono
759 3127 887 3180 campane
905 3121 931 3162 et
950 3126 1015 3162 voce
1035 3109 1155 3178 preconis
1175 3124 1223 3178 pro
1241 3119 1271 3159 ut
1289 3108 1318 3161 in
1337 3107 1433 3160 talibus
1451 3105 1506 3159 fieri
1519 3105 1587 3159 solet
1605 3107 1700 3176 specia-

530 3200 589 3252 liter
607 3212 635 3252 ut
653 3199 762 3252 audiant
780 3199 850 3252 etad
865 3198 1027 3250 audiendum
1040 3197 1248 3250 examinandum
1262 3195 1459 3248 reformandum
1473 3207 1499 3247 et
1512 3194 1699 3265 corrigendum

529 3301 624 3342 statuta
643 3301 669 3341 et
687 3287 871 3340 ordinamenta
890 3285 994 3354 collegij
1015 3285 1182 3338 notariorum
1200 3283 1377 3336 scribandarie
1395 3283 1516 3336 ciuilium
1535 3295 1561 3336 et
1579 3283 1700 3336 crimina·

528 3377 596 3430 lium
615 3376 720 3446 bugelle
738 3389 764 3429 et
783 3375 965 3428 mandamenti
975 3375 1006 3426 ln
1019 3390 1071 3443 qua
1081 3371 1334 3444 quidem'credentia
1347 3370 1522 3425 interfuerunt
1531 3383 1557 3424 et
1567 3383 1699 3442 presentes

528 3463 635 3518 luerunt
644 3462 798 3534 Spectabilis
810 3462 936 3516 dominus
947 3461 1082 3514 Amedeus
1093 3461 1127 3514 de
1139 3460 1245 3514 lucerna
1257 3473 1370 3531 potestas
1389 3459 1452 3513 dicti
1465 3459 1516 3512 loci
1528 3459 1634 3530 bugelle
1652 3473 1699 3530 pro

528 3553 708 3606 illustrissimo
727 3563 753 3604 et
771 3550 939 3604 serenissimo
958 3549 1071 3602 domino
1083 3549 1196 3602 domino
1209 3560 1301 3602 nostro
1315 3547 1427 3601 domino
1443 3548 1565 3600 Amedeo
1575 3546 1699 3601 sabaudie

528 3653 577 3694 etc
596 3642 663 3694 duce
681 3639 772 3709 preiati
792 3639 895 3692 domini
914 3637 1043 3713 clauarips
1057 3649 1083 3690 et
1095 3637 1217 3690 consules
1230 3653 1278 3690 nec
1294 3653 1350 3690 non
1363 3635 1518 3705 infrascripti
1531 3636 1661 3706 sapientes
1673 3647 1699 3688 et

527 3728 690 3797 credendarij
710 3727 773 3780 dicti
793 3726 918 3780 comunis
936 3725 1054 3794 deputati
1072 3738 1098 3778 et
1117 3723 1207 3778 ellecti.
1222 3741 1268 3794 per
1280 3724 1365 3778 dictos
1377 3725 1503 3778 dominos
1512 3723 1658 3778 clauarium
1672 3735 1699 3776 et

527 3815 698 3870 consulesne
717 3831 834 3868 comune
851 3813 914 3868 dicti
934 3813 986 3866 loci
1004 3813 1037 3866 ad
1056 3813 1229 3865 Audiendum
1249 3811 1448 3866 reformandum
1466 3824 1492 3864 et
1510 3811 1698 3882 corrigendum

526 3917 623 3959 statuta
641 3904 813 3974 suprascripta
826 3901 944 3955 Nomina
963 3916 1077 3971 quorum
1090 3913 1153 3954 sunt
1165 3901 1214 3954 hec
1226 3899 1352 3954 dominus
1365 3899 1475 3953 lacobus
1486 3900 1520 3954 de
1532 3897 1645 3969 serrarijs
1658 3899 1699 3952 lo·

526 3993 632 4046 hannes
650 3992 787 4045 mestiatus
805 3990 955 4060 Stephanus
967 3989 1000 4042 de
1015 3988 1128 4058 serranjs
1140 3987 1273 4041 Iohannes
1286 3988 1319 4039 de
1331 3987 1413 4058 spinis
1432 3985 1566 4040 Tebaldus
1579 3985 1697 4040 Gromus

526 4082 658 4134 lohannes
673 4080 705 4131 de
719 4079 780 4130 leria
792 4077 926 4130 Antonius
936 4089 1013 4130 conte
1024 4077 1157 4128 Antonius
1167 4076 1200 4128 de
1210 4075 1329 4144 Giglono
1339 4074 1432 4127 Petrus
1441 4075 1474 4126 de
1483 4073 1626 4128 nouellitto
1639 4075 1698 4127 Bar-

526 4168 679 4222 tholomeus
694 4167 772 4219 scalia
788 4165 880 4218 Petms
894 4164 972 4217 scalia
985 4163 1184 4232 Guglielminus
1196 4164 1229 4215 de
1242 4161 1309 4215 facio
1319 4162 1448 4214 Martinus
1466 4163 1629 4215 costantinus
1639 4163 1698 4214 Bar-

526 4256 679 4308 tholomeus
697 4255 730 4305 de
749 4253 850 4322 polono
868 4253 1004 4305 lohannes
1023 4251 1056 4302 de
1075 4251 1193 4303 cararino
1212 4250 1340 4302 Martinus
1350 4251 1383 4302 de
1396 4249 1501 4302 liuttere
1511 4250 1578 4302 lecta
1591 4248 1697 4302 suerunt

525 4354 628 4397 corecta
641 4341 770 4412 publicata
783 4339 942 4409 vulgariaata
953 4351 980 4392 et
992 4337 1140 4391 examinata
1155 4339 1326 4408 suprascripta
1339 4349 1434 4392 statuta
1451 4338 1628 4408 predictorum
1642 4353 1695 4390 no·
