4040 5540
1447 474 1482 530 29

351 583 410 654 156.
426 583 498 638 Item
514 595 643 638 sternitum
661 595 700 638 est
718 583 790 654 quod
808 581 898 638 nuilus
917 583 1011 638 debeat
1028 583 1124 638 ducere
1151 599 1200 638 nec
1217 583 1279 638 duci
1296 581 1381 638 fnceoe
1398 581 1447 638 sibi
1465 599 1482 637 a

312 671 523 726 cornuneadie
541 671 748 726 dIsbandan'onis
766 671 848 742 ipsius
866 672 989 726 comunis
1007 671 1050 742 (r)
1068 687 1152 742 usque
1170 669 1502 756 edocto.dies(1)nis·in
1531 743 1544 754 ..
1632 743 1636 750 ι
1658 743 1662 750 .
1686 743 1703 750 .,
1735 739 1764 748 ..
1856 737 1861 746 Ι
1890 737 1897 746 .

312 775 359 830 per
376 759 449 815 diem
466 770 572 814 tanturn
589 775 674 814 vnum
692 776 796 814 carrum
815 759 914 814 buscbi
933 760 985 812 nisi
1003 760 1111 814 haberet
1128 755 1183 814 du'o
1210 759 1282 830 paria
1309 749 1411 812 borum
1429 774 1482 830 qne

311 858 413 902 teneret
430 864 478 919 pet
493 858 582 902 totum
599 864 710 902 annum.
728 849 763 902 Et
781 859 900 901 tenentes
919 847 1013 900 bestias
1030 846 1114 901 11110‘.
1133 846 1175 900 vel
1187 847 1274 916 plures
1286 847 1320 900 de
1333 847 1414 900 basto.
1424 861 1482 900 non

312 935 411 990 undant
428 935 461 988 nd
480 951 595 988 comune
624 935 677 988 nisi
705 934 787 988 semei
805 935 834 988 in
852 935 896 989 die
914 936 956 1004 (2)
975 935 1003 988 in
1022 933 1152 1006 predictis.
1171 933 1248 987 v111⁰
1265 934 1359 988 diebus
1377 934 1420 1002 (2)
1438 932 1480 986 iiii

312 1039 376 1076 uero
395 1023 440 1094 qui
459 1022 599 1076 habuerint
616 1023 706 1076 minus
725 1033 838 1094 quatuor
855 1023 951 1076 bestiis.
971 1023 1072 1096 possint
1082 1021 1145 1076 illuc
1158 1021 1197 1074 ire
1208 1021 1286 1074 bisin
1299 1021 1349 1074 die.
1363 1021 1397 1075 Et
1408 1021 1481 1092 quod

312 1109 401 1164 nullus
419 1110 513 1164 debeat
530 1126 668 1163 arroncare
686 1110 714 1162 in
734 1110 839 1163 boschis
857 1127 907 1164 nec
925 1110 1020 1164 ducere
1037 1111 1148 1163 bustum
1167 1120 1335 1163 nrroncatum
1346 1125 1395 1161 nec
1414 1125 1481 1162 aces·

313 1209 428 1269 pentum.
447 1197 480 1250 Et
498 1197 544 1268 qui
563 1209 654 1251 contra
672 1197 786 1268 predIcta
805 1197 902 1250 iecerit.
921 1197 965 1251 uel
983 1197 1029 1268 qni
1058 1198 1161 1251 duxerit
1179 1196 1222 1250 uei
1250 1197 1311 1250 duci
1329 1194 1419 1248 iecerit
1436 1195 1482 1250 bu-

312 1285 407 1339 schum
426 1286 454 1338 in
472 1284 563 1338 fraude
581 1285 644 1338 dicti
662 1285 760 1340 statuti.
779 1301 828 1338 nec
847 1285 931 1339 eciam
950 1301 1027 1340 causa
1045 1285 1152 1338 emendi
1170 1283 1212 1338 vei
1230 1283 1320 1356 aliquo
1339 1282 1480 1336 aiiotitnlo

313 1373 474 1443 acquirendi.
493 1373 594 1426 dictum
612 1373 751 1426 buschum.
770 1372 857 1427 soluat
874 1373 993 1426 bannum
1023 1389 1070 1444 pro
1099 1372 1218 1444 quolibet
1236 1383 1262 1425 et
1288 1369 1405 1442 qualibet
1422 1370 1481 1424 uice

313 1459 362 1516 soi.
380 1460 438 1514 XII
458 1475 500 1530 pp.
519 1461 553 1514 Et
570 1460 604 1514 de
621 1461 743 1530 predictis
761 1460 887 1515 omnibus
904 1461 1026 1516 consules
1044 1472 1183 1514 teneantur
1196 1459 1339 1531 inquirere.

352 1613 408 1668 157.
427 1599 496 1652 Item
513 1610 641 1652 statutum
659 1600 788 1670 estquod
806 1598 879 1654 nulla
898 1616 1009 1670 persona
1027 1599 1121 1654 debeat
1138 1600 1182 1654 uel
1209 1610 1344 1671 presumat
1361 1599 1481 1654 incidere

313 1703 363 1740 nec
380 1685 465 1740 Incidi
483 1685 574 1740 [acme.
593 1686 694 1758 ailquas
712 1686 814 1758 plantas
833 1687 918 1742 beolle
936 1687 965 1740 in
992 1687 1101 1742 comuni
1120 1703 1169 1742 nec
1187 1688 1215 1740 In
1244 1686 1365 1742 sortibus
1384 1702 1433 1740 nec
1451 1687 1480 1740 io

313 1774 407 1829 alienis
424 1775 640 1846 possessionibus.
660 1791 709 1829 nec
727 1787 830 1846 portare
848 1776 891 1830 uel
911 1776 971 1830 duci
989 1775 1032 1828 uel
1051 1777 1148 1846 portari
1167 1775 1258 1829 iacere.
1277 1775 1366 1846 thui
1379 1785 1495 1829 contra-¹

312 1861 403 1916 fecerit
421 1863 507 1917 solunt
525 1879 573 1934 pro
591 1863 710 1935 quolibet
728 1876 754 1918 et
772 1864 889 1936 qualibet
907 1865 965 1918 uice
983 1863 1031 1918 sol.
1050 1865 1108 1918 XX.
1128 1881 1169 1935 pp.
1188 1864 1222 1917 de
1240 1863 1283 1918 die
1301 1875 1328 1916 et
1345 1863 1379 1917 de
1402 1875 1481 1917 nocte
1519 1932 1522 1938 1

313 1950 363 2006 soi.
381 1951 437 2005 xl.
456 1967 498 2022 pp
517 1967 565 2021 pro
592 1953 690 2006 bmno
709 1964 736 2006 et
753 1953 802 2006 sol.
831 1953 863 2006 V.
883 1969 924 2023 pp.
944 1968 991 2023 pro
1009 1952 1123 2006 emenda
1147 1952 1181 2006 de
1198 1950 1315 2023 qualibet
1326 1950 1429 2022 ‘planu
1447 1951 1481 2006 Et

314 2039 406 2111 perdat
423 2055 518 2094 ornnes
536 2039 637 2112 plantas
655 2053 682 2095 et
700 2042 843 2096 deumiant
860 2041 889 2094 in
907 2041 1017 2096 comuni
1036 2039 1148 2112 bugeiie
1167 2039 1201 2095 Et
1218 2039 1329 2111 quilibet
1346 2039 1381 2094 sit
1398 2055 1478 2093 accu-

314 2139 393 2182 sator.
412 2141 439 2183 et
456 2145 532 2182 suam
550 2141 651 2200 partem
671 2130 751 2183 banni
769 2130 872 2184 habeat
891 2141 918 2184 et
935 2129 1106 2184 medietatem
1124 2129 1253 2184 dIctamm
1272 2127 1428 2200 plantarum.
1447 2127 1481 2182 Et

314 2215 436 2271 consider
453 2228 593 2271 teneantur
609 2217 749 2289 inquirere.
1405 2207 1407 2212 ’

355 2359 412 2428 158.
430 2359 499 2412 Item
518 2367 645 2412 statutum
664 2370 703 2412 est
721 2360 793 2430 qnod
811 2370 925 2430 quatuor
942 2359 1068 2414 comunis
1086 2359 1154 2412 ultra
1173 2358 1316 2430 Oreppam.
1335 2359 1369 2412 Et
1386 2357 1481 2412 valnlta

314 2459 340 2502 et
360 2447 538 2500 serramonda.
557 2447 719 2518 quodquod
738 2463 854 2502 comune
872 2449 1051 2518 predictorum
1067 2449 1228 2502 comunium
1244 2448 1315 2518 quod
1337 2447 1480 2500 disbandn-

314 2535 385 2589 bitur
402 2551 458 2590 vno
474 2535 599 2588 annosis
616 2535 645 2589 in
663 2536 760 2590 banno.
779 2534 828 2590 sol.
847 2537 879 2590 X.
898 2553 941 2607 pp.
960 2547 1065 2606 propter
1084 2535 1178 2590 bestias
1189 2537 1223 2590 ab
1235 2535 1308 2589 exitu
1321 2535 1383 2604 maij
1399 2549 1484 2604 usque

318 2622 352 2678 ad
370 2639 454 2678 vnum
472 2639 582 2678 annum
601 2623 635 2677 Et
652 2623 704 2678 boc
723 2639 770 2694 pro
788 2623 907 2694 quolibet
924 2636 952 2677 et
968 2623 1085 2696 qnalibet
1102 2625 1168 2678 uice

352 2778 409 2833 159.
428 2762 498 2816 Item
514 2774 641 2818 statutum
660 2775 700 2818 est
717 2763 791 2835 quod
807 2763 895 2836 aliquo
914 2780 1025 2834 persona
1043 2779 1099 2817 non
1118 2764 1211 2818 debeat
1229 2763 1347 2818 Incidere
1365 2762 1409 2816 uei
1427 2763 1476 2816 in·
1574 2801 1575 2804 η

313 2849 364 2903 cidi
382 2850 426 2904 uel
444 2863 576 2920 asportare
595 2851 638 2904 uei
656 2851 782 2922 asportari
800 2851 885 2906 facere
902 2851 1005 2922 aliquas
1021 2851 1122 2922 plantas
1140 2851 1200 2906 alne
1222 2851 1265 2906 uel
1290 2851 1376 2906 beolle
1385 2851 1418 2906 de
1427 2853 1481 2906 suis

315 2937 426 3007 propriis
444 2939 660 3010 possessionibus.
679 2939 712 2992 Et
730 2939 776 3011 qui
795 2938 983 2993 contrafecerit.
1014 2939 1100 2993 soluat
1118 2956 1166 3010 pro
1184 2939 1304 3010 quolibet
1321 2952 1347 2994 et
1365 2939 1481 3011 qualibet

314 3025 373 3078 uice
390 3025 431 3080 sol
449 3025 482 3080 V.
501 3043 544 3098 pp.
562 3026 614 3082 nisi
632 3027 754 3081 habuerit
772 3026 910 3081 licenciam
928 3029 962 3082 ad
980 3028 1105 3082 omnibus
1116 3039 1230 3098 quatuor
1240 3027 1392 3082 oonsulibus
1402 3028 1482 3082 simul

315 3111 348 3167 de
365 3114 419 3168 suis
438 3115 556 3186 propriis.
575 3115 617 3186 (3)
637 3127 662 3168 et
681 3115 802 3169 consules
820 3132 876 3169 non
894 3116 998 3187 possint
1013 3116 1076 3170 dare
1093 3115 1231 3170 licenciam
1250 3116 1301 3170 nisi
1319 3116 1353 3171 de
1377 3133 1484 3171 metisse

314 3201 403 3272 aprilis
421 3202 529 3258 cuilibet
546 3220 591 3274 per
609 3202 686 3258 Vlil⁰
704 3205 760 3258 dies
778 3205 920 3258 continuos
939 3221 989 3258 nec
1005 3205 1101 3275 abquis
1119 3221 1163 3258 em
1181 3206 1296 3260 uendere
1320 3204 1364 3258 uel
1382 3205 1484 3260 donare

314 3291 397 3360 possit
413 3307 463 3345 nec
481 3291 564 3346 incidi
583 3291 667 3346 iacere
685 3310 731 3362 per
748 3292 815 3347 alios
833 3294 880 3365 qui
898 3309 955 3346 non
972 3294 1026 3348 sior
1044 3294 1077 3347 de
1095 3294 1178 3347 domo
1196 3309 1243 3348 sua
1261 3294 1298 3348 Ec
1310 3293 1383 3364 quod
1395 3294 1483 3348 iurent

313 3393 368 3432 non
387 3379 504 3434 incidere
520 3379 550 3434 in
567 3378 660 3433 alienis
688 3381 904 3450 possessionibus.
931 3395 981 3434 nec
1008 3381 1106 3436 sacient
1136 3392 1228 3434 contra
1259 3381 1408 3452 predictum
1424 3393 1480 3436 stn-

313 3477 409 3520 tutum.

354 3605 410 3661 160.
430 3607 497 3662 item
516 3619 643 3662 statutum
662 3621 701 3662 est
719 3611 791 3680 quod
809 3610 897 3682 aliqua
915 3625 1026 3680 persona
1045 3626 1097 3681 que
1115 3610 1215 3664 habitet
1233 3611 1265 3664 ad
1284 3621 1404 3664 sanctum
1423 3611 1482 3665 bar-

313 3689 471 3750 tolomenrn.
490 3697 628 3768 nequead
647 3709 765 3751 sanctam
783 3695 895 3751 Mariam
914 3714 965 3769 que
978 3699 1149 3768 receptauerit
1161 3697 1269 3770 aliquod
1282 3715 1376 3752 nemus
1386 3700 1482 3772 proby-

313 3784 399 3839 bitum
417 3785 451 3838 de
469 3785 628 3839 comunibus
647 3785 760 3857 bugelie.
779 3801 835 3841 non
854 3785 936 3856 possit
954 3786 1051 3840 habere
1069 3786 1187 3857 aliquam
1205 3787 1319 3858 gratiam
1337 3805 1353 3841 a
1371 3789 1481 3842 comuni

313 3871 419 3944 bugelle
436 3871 511 3926 illoc
528 3872 562 3928 ad
580 3873 698 3944 quinque
715 3889 808 3927 annos.
827 3874 879 3928 nisi
897 3873 1070 3928 denuntiaret
1087 3873 1239 3930 oonsulibus
1257 3875 1317 3946 quis
1335 3877 1480 3946 portauetit

313 3959 419 4014 dictum
434 3976 529 4014 nemus
546 3959 611 4016 illuc
627 3959 706 4016 inira.
725 3961 783 4016 XV.
802 3961 867 4016 dies

338 4205 370 4258 ω
384 4202 417 4259 (ι)
429 4203 461 4258 (a)
473 4205 506 4258 (a)
519 4203 619 4260 Scriptum
633 4205 726 4260 snperius
740 4214 785 4246 estr
803 4203 868 4246 Vacat.

340 4275 373 4329 (3)
386 4273 452 4316 Vero·
466 4287 517 4330 quse
531 4285 645 4332 sequnntur
657 4277 760 4333 posterius
774 4277 842 4320 eddim
856 4287 911 4320 snut
