3926 5542
546 519 596 570 2¹4

573 627 623 680 Pin
641 626 713 680 hano
731 626 838 680 statuito
857 627 979 681 ordinato
997 639 1023 680 et
1041 626 1184 682 resonnato
1202 627 1252 682 che
1270 627 1293 681 si
1312 627 1433 682 debbano
1452 627 1582 682 admnter
1613 639 1706 700 quatro

537 727 564 768 et
581 731 637 767 non
655 715 682 767 di
701 715 745 785 pila
764 715 831 768 oltra
849 715 868 768 li
886 715 1044 768 nominandi
1063 733 1109 786 per
1127 715 1145 768 li
1164 715 1310 786 collegiati,
1329 715 1396 769 Cloe
1408 715 1426 768 li
1438 715 1523 770 nobili
1533 716 1707 770 thomeoros»

538 801 622 856 solare
636 801 748 870 Jacomo
767 801 878 870 Roudo,
894 801 1013 855 Tomaso
1033 802 1185 872 passalaqua
1205 815 1231 856 et
1250 802 1312 856 Gio.
1331 815 1405 856 tomo
1432 802 1564 868 Crosetto‚
1591 801 1706 856 volendo

537 905 600 959 pero
620 889 637 942 li
656 889 865 957 sopranominati
884 907 964 960 pagar
981 898 1019 942 lra
1038 907 1091 944 vno
1119 907 1192 944 mese
1222 891 1339 960 prosimo
1370 891 1453 960 hoggi
1481 903 1653 944 comenrante
1680 904 1707 944 et

537 977 564 1028 in
583 977 618 1029 tal
636 978 732 1045 giorno
751 975 860 1030 finiente
877 978 951 1030 scudi
971 978 1099 1048 trentaseij
1121 982 1135 1030 :l
1154 978 1220 1031 liure
1239 991 1277 1032 tre
1296 979 1391 1032 Ducali
1405 996 1450 1048 per
1466 979 1531 1048 ogni
1543 979 1625 1032 scudo
1635 977 1705 1030 nelle

535 1065 607 1118 mani
626 1065 689 1119 delli
707 1065 791 1118 nobili
806 1063 916 1133 Jncomo
935 1066 1055 1134 tollegno
1073 1079 1100 1119 et
1118 1067 1288 1120 Banolomeo
1307 1067 1425 1120 vercellis
1439 1067 1500 1120 ital
1516 1066 1607 1120 efferto
1620 1067 1706 1120 nomi·

536 1154 593 1209 nati
610 1165 636 1206 et
654 1153 736 1206 elletti
755 1166 781 1206 et
799 1154 849 1206 clre
867 1155 988 1207 debbano
1008 1165 1124 1224 reportat
1142 1155 1219 1207 d'essi
1239 1154 1262 1206 la
1282 1155 1415 1224 quittanrn
1433 1165 1459 1206 et
1477 1169 1533 1206 non
1552 1165 1706 1208 contentan-

535 1241 593 1295 dosi
611 1241 630 1294 li
649 1258 725 1311 sopra
743 1241 875 1294 nominati
893 1242 920 1295 di
939 1242 1063 1311 oblignrsi
1082 1241 1121 1296 ira
1139 1254 1197 1296 otto
1216 1242 1305 1312 giomi
1324 1242 1447 1312 prossimi
1475 1241 1502 1296 di
1533 1258 1614 1314 pagar
1639 1241 1704 1296 detti

535 1329 608 1382 scudi
626 1341 710 1382 trenta
729 1329 774 1399 seij
795 1327 862 1382 inira
881 1328 899 1381 il
918 1346 991 1382 mese
1008 1330 1052 1399 gii
1071 1329 1145 1382 detto
1163 1330 1213 1383 che
1232 1330 1308 1383 siano
1327 1329 1512 1400 esclusietper
1524 1329 1704 1384 nonadmessi

534 1434 612 1472 corne
630 1418 671 1472 sin
690 1417 763 1470 d'ora
781 1434 859 1470 come
877 1417 978 1470 al'hora
996 1417 1034 1488 gli
1052 1417 1191 1470 eccludino
1210 1430 1236 1470 et
1255 1417 1438 1472 inadmetteno
1465 1431 1491 1471 et
1521 1417 1571 1472 che
1598 1433 1653 1472 non
1681 1418 1704 1472 si

535 1506 713 1576 possinosino
732 1505 841 1558 adaltrn
860 1521 931 1557 noua
950 1504 1064 1558 relonna
1082 1505 1109 1558 di
1131 1521 1190 1557 esso
1218 1505 1335 1575 collegio
1364 1505 1490 1559 nominat
1516 1505 1544 1558 ni
1574 1505 1704 1560 admetter

526 1593 586 1646 ·deli
604 1593 662 1646 altri
680 1592 747 1646 salui
765 1592 784 1645 li
802 1591 1011 1661 sopranominati
1029 1605 1057 1645 et
1074 1592 1206 1644 facendosi
1225 1592 1289 1645 altra
1308 1591 1449 1646 ellettione
1472 1605 1500 1646 et
1517 1591 1704 1647 nominatione

534 1681 572 1734 sia
590 1693 616 1734 et
634 1697 704 1734 osser
721 1680 804 1733 dobba
823 1693 850 1732 et
867 1681 888 1732 si
907 1680 1015 1733 intenda
1034 1681 1107 1732 nullo
1128 1679 1245 1733 inualida
1265 1693 1291 1733 et
1310 1698 1356 1751 per
1382 1697 1438 1734 non
1466 1679 1528 1734 ficta
1555 1696 1633 1736 conte
1661 1681 1703 1736 sin

534 1769 627 1823 d'hora
646 1767 671 1820 la
689 1767 842 1820 dichiarano
862 1785 907 1838 per
925 1767 998 1820 nulla
1016 1779 1042 1820 et
1061 1767 1185 1821 inualida

569 1856 618 1909 Pin
637 1872 705 1909 sono
723 1855 814 1907 venuti
833 1855 884 1907 alla
902 1855 1088 1908 nominatione
1106 1855 1131 1908 al
1150 1857 1233 1910 modo
1255 1871 1332 1910 come
1351 1872 1440 1926 segue,
1459 1869 1486 1910 et
1511 1856 1540 1909 in
1567 1855 1652 1927 prima
1681 1857 1703 1910 si

533 1944 609 1997 lassia
626 1943 645 1996 il
664 1943 743 1996 luoco
761 1944 786 1996 al
805 1943 895 1996 nobile
914 1942 1091 1996 Gullielmino
1109 1942 1175 1996 secia
1194 1961 1240 2014 per
1263 1961 1310 1996 soa
1328 1944 1446 1996 absentia
1465 1944 1498 1997 de
1516 1956 1592 2014 poter
1609 1943 1702 1998 farsoa

532 2032 726 2096 nominatione,
744 2031 763 2083 il
781 2030 842 2101 qual
861 2047 917 2084 sera
935 2043 1029 2084 tenuto
1047 2030 1100 2084 lare
1119 2030 1157 2084 ira
1176 2031 1302 2102 quindeci
1324 2031 1413 2100 giomi
1432 2032 1563 2100 prossimi,
1581 2045 1607 2085 et
1625 2031 1703 2086 disesi
1793 2105 1797 2112 ι

532 2120 569 2173 dil
588 2119 682 2173 Palazo
701 2120 819 2189 predeno
837 2119 920 2172 sendo
939 2118 976 2170 ini
995 2119 1167 2188 sopragionto
1189 2119 1264 2172 detto
1283 2118 1375 2172 nobile
1393 2118 1569 2173 Gullielmino
1591 2119 1655 2174 lecia
1667 2120 1703 2174 ba

533 2208 673 2262 nominato
691 2208 710 2260 il
729 2207 819 2260 nobile
838 2207 898 2260 Gio.
918 2205 1027 2260 Stelano
1046 2223 1095 2259 suo
1115 2205 1215 2276 figlolo,
1238 2207 1257 2260 il
1277 2206 1367 2260 nobile
1386 2208 1519 2277 Agostino
1538 2207 1650 2262 Villanis
1668 2209 1703 2262 ha

533 2297 672 2349 nominato
691 2308 717 2348 et
736 2293 884 2348 nominali
903 2295 993 2348 nobile
1012 2295 1167 2347 Sebastiano
1186 2293 1280 2364 figlolo
1301 2295 1343 2348 del
1363 2294 1390 2347 ln
1410 2295 1459 2364 sig.
1490 2294 1623 2349 francesco
1653 2313 1703 2350 suo

534 2383 635 2436 fratello
653 2383 714 2453 qual
734 2400 777 2435 era
795 2382 937 2452 collegiato
956 2394 982 2434 et
1000 2381 1112 2445 dottore‚
1132 2381 1150 2434 il
1171 2382 1262 2435 nobile
1283 2383 1453 2435 Bartolomeo
1472 2382 1585 2436 Villanis
1603 2384 1638 2438 lta
1656 2401 1703 2438 no-

532 2473 635 2524 minato
653 2485 679 2524 et
697 2471 807 2522 nomina
826 2487 924 2522 messer
942 2469 1030 2523 Pietro
1049 2485 1098 2522 suo
1117 2468 1218 2539 figlolo‚
1237 2470 1256 2522 il
1288 2470 1379 2523 nobile
1407 2470 1537 2524 Vbertino
1565 2471 1641 2542 spina
1667 2471 1703 2525 ha

532 2560 671 2612 nominato
690 2572 715 2611 et
734 2557 845 2611 nomina
864 2574 963 2610 messer
982 2556 1133 2610 Melchione
1160 2574 1208 2611 suo
1236 2557 1337 2627 figlolo,
1367 2557 1489 2612 l’lllustre
1516 2559 1565 2629 sig.
1593 2558 1702 2613 fabricio

532 2647 575 2700 dal
593 2647 678 2700 Pozzo
697 2646 784 2700 Conte
802 2647 829 2699 di
848 2645 990 2699 Pondrano
1008 2646 1043 2698 hn
1061 2646 1202 2699 nominato
1222 2658 1249 2699 et
1268 2646 1380 2700 nomina
1398 2645 1417 2699 il
1437 2646 1486 2716 sig.
1505 2645 1638 2700 lrancesco
1652 2663 1702 2702 suo

532 2733 633 2804 figlolo,
651 2733 670 2786 il
690 2733 847 2786 Reuerendo
865 2732 963 2786 Messer
981 2732 1043 2787 Gio.
1063 2732 1195 2786 Giacorno
1214 2733 1324 2786 cabania
1343 2733 1378 2787 ha
1398 2733 1539 2788 nominato
1552 2745 1578 2787 et
1590 2733 1701 2788 nomina

532 2839 630 2876 messer
649 2821 709 2875 Gio.
728 2821 837 2874 Battista
855 2837 904 2873 suo
923 2819 1025 2874 lratello
1046 2833 1072 2872 et
1090 2819 1184 2890 figlolo
1212 2820 1253 2874 del
1287 2820 1313 2873 lu
1344 2821 1434 2874 nobile
1463 2821 1575 2876 antonio
1599 2823 1702 2876 nodato

531 2909 690 2979 Collegiato,
709 2908 728 2960 il
747 2908 836 2961 nobile
854 2906 987 2960 francesco
1006 2907 1117 2960 fantono
1138 2909 1172 2960 lia
1205 2909 1345 2961 nominato
1372 2920 1398 2960 et
1427 2907 1538 2961 nomina
1566 2909 1585 2963 il
1612 2911 1702 2963 nobile

531 2998 691 3069 hyeronimo
710 3013 759 3049 suo
778 2995 879 3049 fratello
898 3009 923 3049 et
942 2996 1034 3066 figlolo
1053 2995 1096 3048 del
1115 2994 1142 3047 iu
1164 2995 1256 3048 nobile
1275 2996 1399 3048 Antonio
1420 2997 1522 3048 nodaro
1551 2996 1702 3068 collegiato,

530 3085 550 3138 il
569 3085 659 3138 nobile
677 3084 815 3137 Ludouico
834 3083 930 3136 Rondo
949 3084 984 3136 ha
1002 3083 1142 3136 nominato
1161 3095 1187 3136 et
1206 3084 1321 3136 nomina
1341 3083 1359 3134 il
1379 3082 1469 3135 nobile
1487 3082 1549 3136 Gio.
1568 3083 1701 3138 franceeco

532 3173 680 3226 Bertodano
699 3171 792 3240 figlolo
810 3171 852 3224 del
871 3170 898 3223 su
917 3171 966 3240 sig.
985 3171 1110 3224 ludouico
1129 3170 1230 3223 nodato
1250 3169 1400 3238 collegiato,
1422 3169 1440 3222 il
1459 3169 1549 3224 nobile
1566 3172 1700 3226 vincentio

531 3261 598 3313 coda
616 3261 650 3312 ha
668 3260 808 3312 nominato
827 3271 853 3312 et
871 3259 982 3311 nomina
1000 3275 1098 3310 messer
1117 3256 1238 3310 Antonio
1260 3275 1310 3310 suo
1322 3256 1422 3326 figlolo,
1433 3257 1451 3310 il
1464 3257 1555 3310 nobile
1564 3258 1701 3313 Bertolino

532 3347 657 3400 Vercellis
675 3347 710 3398 lta
728 3347 868 3398 nominato
887 3357 912 3397 et
931 3346 1041 3398 nomina
1060 3345 1158 3397 Messer
1177 3344 1306 3397 Nicolino
1325 3361 1374 3396 suo
1393 3343 1494 3413 ligiolo,
1513 3357 1539 3396 et
1554 3345 1587 3414 Jo
1606 3345 1700 3399 Nicola

532 3435 651 3487 lauezino
670 3434 707 3487 ho
726 3434 865 3486 nominato
884 3446 909 3485 et
928 3433 1040 3484 nomino
1060 3431 1121 3484 Gio.
1142 3432 1248 3484 Andrea
1272 3432 1328 3484 mio
1348 3431 1441 3501 figlolo
1459 3444 1485 3484 et
1498 3431 1632 3501 piucome
1644 3449 1701 3503 pro-

532 3535 651 3575 curatore
669 3522 710 3574 del
729 3523 778 3590 sig.
797 3520 972 3574 Gullielmino
991 3519 1094 3573 Gromo
1113 3535 1190 3572 corne
1209 3519 1277 3571 della
1296 3535 1406 3588 procura
1425 3531 1516 3572 consta
1536 3520 1642 3589 publico
1660 3521 1699 3574 in·

532 3622 679 3662 stromento
698 3621 791 3678 rogato
810 3612 824 3660 ir
843 3625 941 3660 messer
960 3607 1096 3676 Gaspardo
1115 3607 1228 3660 olnretto
1247 3607 1348 3660 nodaro
1368 3607 1394 3660 di
1413 3607 1541 3676 occhiepo
1565 3607 1700 3677 superiore

533 3697 623 3751 l'anno
642 3698 770 3766 prossinte
788 3708 889 3765 passato
909 3695 927 3747 li
946 3695 1108 3765 vintiquatro
1126 3695 1152 3746 di
1172 3695 1320 3747 nouembre
1339 3707 1365 3747 et
1380 3694 1496 3747 anchora
1515 3711 1593 3748 come
1609 3707 1699 3749 consta

532 3801 578 3854 per
596 3785 686 3836 lettere
705 3784 813 3836 missine
832 3784 910 3835 Datte
929 3783 957 3835 in
976 3783 1065 3835 turino
1084 3781 1102 3834 li
1121 3782 1187 3834 vinti
1206 3798 1262 3834 uno
1281 3781 1324 3834 del
1343 3794 1463 3851 presente
1472 3782 1509 3834 ho
1521 3781 1662 3836 nominato
1673 3795 1699 3836 et

532 3873 645 3924 nomino
665 3872 763 3924 Messer
781 3870 887 3924 Gabriel
906 3871 1035 3924 Durando
1053 3871 1155 3923 nodaro
1174 3870 1201 3922 di
1220 3872 1395 3922 camburzano
1415 3869 1546 3924 habitator
1564 3870 1591 3922 di
1616 3869 1699 3924 Biella

531 3959 557 4012 la
575 3960 636 4030 qual
655 3958 840 4012 nominatione
858 3959 885 4012 di
904 3975 962 4012 esso
981 3959 1110 4012 Durando
1130 3956 1200 4022 latta,
1219 3958 1237 4010 li
1256 3974 1333 4027 sopra
1352 3957 1490 4010 conuocati
1501 3958 1529 4010 in
1545 3973 1627 4010 nome
1641 3957 1699 4012 loro

532 4059 558 4102 et
576 4049 603 4101 di
622 4061 691 4101 tutto
703 4047 722 4099 il
743 4047 866 4118 Collegio
885 4046 945 4100 tutti
964 4047 1084 4100 vnanimi
1104 4057 1130 4099 et
1148 4046 1274 4099 concordi
1293 4059 1319 4098 et
1336 4061 1440 4098 nennno
1458 4045 1621 4114 discrepante
1643 4063 1698 4100 non

532 4136 604 4188 hano
623 4135 771 4189 consentito
790 4154 824 4188 ne
843 4136 1000 4189 consentino
1019 4151 1035 4187 a
1053 4135 1123 4187 detta
1141 4133 1328 4187 nominatione
1346 4150 1424 4186 come
1450 4133 1626 4186 contrariante
1654 4133 1698 4186 alli

532 4223 632 4276 snnuti
650 4224 677 4276 di
696 4224 769 4276 detto
788 4223 912 4293 Collegio
931 4235 957 4275 et
974 4221 1003 4275 in
1022 4222 1107 4292 specie
1125 4221 1150 4274 al
1169 4235 1332 4275 nouamente
1351 4220 1415 4273 fatto
1439 4237 1490 4274 con
1520 4221 1699 4290 giuramento,

532 4311 697 4364 Riseruando
715 4316 778 4380 pero
796 4311 821 4364 al
840 4312 912 4365 detto
931 4311 979 4380 sig.
999 4309 1175 4364 Gnllielmino
1193 4311 1303 4380 ragione
1321 4309 1348 4363 di
1360 4309 1500 4362 nominare
1510 4307 1575 4361 altra
1588 4325 1698 4378 persona
