3978 5546
1448 495 1479 550 ¹3

311 621 353 676 pp.
373 621 420 678 pro
438 605 559 677 quolibet
576 605 627 659 die.
646 605 679 660 Et
697 606 743 677 qui
761 605 861 660 steterit
878 621 961 676 super
973 603 1065 678 aliquo
1083 605 1152 660 lacto
1170 603 1294 660 comunis
1314 605 1342 658 in
1371 602 1478 678 bugella

312 693 407 748 habent
423 694 472 748 sol.
492 694 524 748 Il.
544 709 586 764 pp.
605 693 723 764 qualibet
740 694 791 748 die.

346 835 389 906 63.
408 836 476 890 Item
495 847 623 890 statutum
641 847 680 889 est
699 835 770 906 quod
789 852 884 890 ornnes
895 835 1020 890 homines
1038 835 1186 890 habitantes
1204 847 1231 892 et
1252 847 1350 890 stantes
1378 833 1406 888 in
1435 834 1481 888 bu·

310 925 380 998 gella
398 925 511 978 debeant
529 925 664 978 attendere
682 937 708 978 et
726 924 867 978 obseruare
884 925 977 978 omnia
995 937 1116 996 precepta
1134 924 1325 978 rationabiliter
1346 923 1385 978 eis
1412 921 1480 978 nce

312 1013 497 1086 per'consules
515 1013 620 1084 bugelle
638 1013 682 1083 (1)
710 1011 753 1066 uel
770 1011 889 1084 aliquem
919 1013 1038 1084 ipsorum
1067 1011 1096 1066 de
1109 1019 1220 1086 praeplo
1237 1018 1260 1066 ct
1277 1013 1405 1066 voluntale
1422 1029 1478 1068 cn-

310 1101 392 1156 dcncie
410 1103 450 1156 acl
467 1103 571 1156 maioris
585 1104 668 1174 portis
686 1103 765 1174 ipsius
782 1101 911 1156 credendo.
929 1101 964 1156 Et
981 1101 1027 1174 qui
1046 1100 1227 1156 contrafecerit
1250 1101 1338 1156 soluat
1359 1102 1479 1156 bannum

311 1207 359 1261 pro
376 1189 493 1262 quolibet
510 1191 554 1244 die
571 1207 623 1261 qua
641 1189 741 1246 steterit
759 1207 843 1262 usque
861 1191 894 1244 ad
921 1202 983 1244 octo
1010 1190 1067 1244 dies
1092 1189 1141 1244 sol.
1169 1189 1202 1246 >t
1230 1205 1273 1260 pp.
1303 1189 1355 1246 nisi
1381 1189 1479 1244 iustam

312 1277 433 1334 imbuerit
450 1279 656 1332 excusationem.
675 1279 708 1332 Et
726 1279 760 1332 de
778 1279 900 1350 predictis
919 1279 1013 1332 bannis
1031 1293 1087 1332 non
1106 1278 1188 1348 possit
1206 1276 1262 1332 fieri
1283 1277 1372 1349 aliqui
1385 1278 1478 1350 gratia

311 1366 384 1422 Etsi
402 1383 458 1420 non
476 1367 640 1420 ncordauerit
660 1367 775 1438 predicta
794 1368 889 1420 banna.
908 1383 963 1420 non
983 1366 1159 1420 emendentur
1176 1366 1226 1420 sibi
1246 1365 1336 1438 aliqua
1362 1365 1481 1438 dampna

311 1455 333 1508 si
350 1453 445 1508 fierent
462 1455 495 1508 ei.
513 1455 547 1508 de
565 1471 609 1508 ere
627 1455 750 1510 comunis
768 1467 827 1526 post
844 1455 999 1508 terminum
1018 1454 1103 1510 vn10.
1122 1455 1227 1510 dierum
1239 1454 1297 1526 ipso
1309 1455 1438 1510 existente
1449 1455 1478 1508 in

311 1543 426 1614 predicta
443 1541 616 1598 rebellitione.
635 1555 662 1598 et
679 1544 752 1615 quod
770 1560 826 1598 non
845 1555 966 1598 tenentur
983 1559 1031 1614 pru
1043 1543 1141 1598 uicino.
1154 1555 1181 1598 et
1193 1544 1267 1616 quod
1280 1543 1370 1598 nullus
1382 1543 1477 1598 debeat

310 1629 334 1684 ei
353 1629 415 1684 dare
433 1630 590 1684 conscilium
609 1647 658 1685 nec
675 1631 846 1685 adiutorium.
865 1647 914 1684 nec
933 1631 1103 1686 mercandare
1120 1647 1183 1686 cum
1201 1649 1242 1686 eo.
1271 1631 1305 1685 Et
1334 1631 1406 1702 quod
1434 1632 1478 1700 (2)

310 1733 392 1774 netno
409 1731 506 1790 coquat
523 1720 572 1775 sibi
591 1737 688 1790 panem
706 1736 757 1776 nec
774 1721 853 1792 coqui
872 1718 956 1774 faeere
974 1735 1024 1774 nec
1042 1719 1126 1774 molat
1143 1719 1193 1774 sibi
1213 1719 1322 1774 bladum
1341 1735 1391 1775 nec
1410 1719 1477 1774 moli

310 1807 393 1863 breem
410 1824 460 1862 nec
478 1807 597 1864 laborare
614 1825 676 1864 curn
695 1827 729 1864 eo
748 1809 791 1863 uel
809 1810 872 1864 dure
889 1808 1009 1864 laborem
1021 1809 1070 1862 sub
1098 1809 1187 1862 banno
1214 1807 1263 1864 sol.
1292 1808 1325 1862 V.
1353 1825 1397 1880 pp.
1428 1825 1477 1880 pro

311 1897 430 1968 quolibet
448 1909 475 1952 et
493 1897 610 1968 qualibet
627 1899 692 1952 vice.
712 1899 746 1952 Et
763 1897 899 1952 conssules
917 1909 1057 1952 teneantur
1074 1895 1159 1952 lacere
1177 1897 1266 1968 ipsum
1283 1897 1321 1952 sic
1349 1896 1479 1952 tabedunr

311 1985 387 2040 omni
405 2003 511 2040 menese
529 1987 693 2042 nominatim
711 1987 805 2042 eridnri
823 1987 852 2040 in
870 1988 959 2041 banno
971 2002 1018 2057 per
1030 1985 1223 2040 locaconsuetn
1232 1997 1374 2057 pectorum
1384 2001 1479 2040 eorum

310 2073 478 2128 consulatum
497 2090 543 2146 ptr
560 2087 756 2130 sacamentum
774 2086 801 2128 et
812 2092 891 2146 super
902 2075 1026 2146 predictis
1037 2074 1164 2130 omnibus
1177 2085 1205 2128 et
1215 2073 1328 2145 singulis
1340 2085 1480 2130 teneantttt

310 2164 442 2235 inquirere
451 2163 472 2218 si
482 2163 607 2218 sciuerint
619 2175 645 2218 et
657 2165 695 2218 eis
708 2165 899 2219 denunciatum
912 2163 989 2218 fuerit
1001 2175 1028 2218 et
1039 2175 1130 2218 tenere
1139 2163 1342 2218 dmmdnore
1352 2163 1478 2235 priuatos.

294 2314 297 2322 ’
344 2323 387 2390 64.
405 2324 474 2379 ltem
492 2335 619 2378 statutum
638 2325 767 2396 estquod
785 2325 891 2378 arbores
909 2322 1050 2378 existentes
1071 2341 1149 2395 super
1170 2323 1280 2378 comuni
1292 2339 1348 2378 non
1364 2323 1479 2378 debeant

310 2427 359 2467 nec
376 2411 478 2483 possint
495 2413 597 2483 snppnri
616 2411 684 2467 ultra
702 2413 788 2484 pedes
807 2413 879 2467 mor,
908 2412 990 2482 longe
1008 2413 1041 2466 ab
1058 2413 1159 2466 arbore.
1178 2424 1205 2466 et
1223 2412 1270 2483 qui
1287 2411 1478 2468 contrafecerit

309 2499 395 2554 solunt
413 2517 461 2572 pro
479 2499 599 2571 quolibet
616 2513 643 2554 et
661 2500 778 2572 quilibet
796 2501 855 2555 uice
872 2501 921 2555 sol.
949 2500 1008 2556 XX.
1036 2517 1079 2571 pp.
1104 2499 1139 2556 Et
1165 2515 1261 2556 ornnes
1291 2499 1418 2556 officiales
1443 2513 1479 2556 te·

310 2601 422 2644 neantur
439 2605 569 2644 accusare.
589 2590 633 2658 (3)
651 2601 677 2643 et
696 2605 743 2660 pro
762 2588 879 2660 qualibet
897 2589 990 2643 arbore
1008 2589 1056 2642 sol.
1076 2588 1108 2642 V.

344 2729 387 2802 65.
406 2732 473 2788 Item
492 2743 619 2786 statutum
638 2731 768 2802 estquod
788 2732 874 2786 banna
892 2731 955 2786 dicti
974 2731 1097 2786 comunis
1118 2748 1175 2786 non
1189 2731 1413 2802 possintJudicnri
1426 2731 1476 2785 nisi

309 2837 354 2892 per
371 2819 432 2876 illos
449 2821 483 2876 dc
501 2820 638 2874 credenda
652 2820 687 2874 nd
705 2820 757 2874 hoc
776 2819 873 2874 electos
892 2837 938 2892 per
956 2819 1078 2876 consides
1096 2820 1159 2876 dicti
1177 2820 1301 2876 comunis
1328 2819 1475 2874 secundum

309 2911 381 2982 quod
399 2922 558 2964 consuetum
576 2921 623 2964 est

344 3051 386 3106 66.
405 3053 448 3122 (4)
467 3051 534 3106 Item
553 3063 681 3105 statutum
700 3063 727 3105 et
744 3051 897 3106 ordinatum
917 3053 1045 3122 estquod
1065 3069 1120 3104 non
1141 3051 1222 3122 possit
1241 3067 1290 3106 nec
1308 3053 1401 3107 debut
1420 3051 1476 3108 fieri

308 3139 416 3212 aliquod
435 3141 613 3194 sasimentum
632 3141 666 3194 de
684 3141 761 3194 bonis
780 3140 822 3194 uel
842 3139 869 3194 in
883 3141 960 3194 bonis
972 3139 1084 3194 alicuius
1097 3141 1229 3195 uenientis
1241 3159 1257 3195 a
1270 3140 1357 3196 lorum
1371 3141 1477 3214 bugelle

309 3227 335 3282 in
355 3229 398 3282 die
417 3227 529 3282 Mercuri
548 3241 607 3299 post
625 3245 734 3282 nonam.
756 3243 805 3281 nec
832 3245 878 3298 per
905 3241 989 3282 totam
1019 3229 1091 3282 diem
1116 3229 1199 3300 Jouis.
1228 3245 1277 3283 nec
1303 3229 1347 3282 die
1374 3231 1476 3284 veneris

309 3317 443 3388 usquead
462 3333 590 3388 desperas.
609 3333 658 3370 nec
676 3317 758 3387 ipsius
776 3317 847 3372 bont
866 3317 952 3372 modo
967 3317 1057 3388 aliquo
1078 3319 1215 3388 impedire.
1238 3331 1265 3372 et
1295 3319 1341 3388 qui
1369 3319 1476 3390 pecierit

309 3405 350 3459 uel
370 3405 549 3476 impetrauerit
568 3404 623 3458 fieri
643 3405 743 3459 dictum
757 3405 935 3461 serimentum
954 3423 1001 3462 seu
1013 3407 1182 3477 impediuerit
1194 3406 1310 3478 aliquem
1324 3408 1475 3462 venientem

307 3495 339 3548 nd
360 3493 455 3548 lorum.
478 3493 520 3548 uel
540 3495 609 3548 bona
628 3495 685 3548 eius
703 3495 831 3550 detinebit
852 3495 894 3548 uel
913 3496 1052 3566 occupabit
1071 3497 1169 3549 directe
1188 3495 1230 3548 uel
1243 3496 1378 3550 indirecte.
1390 3495 1477 3550 soluat

307 3600 355 3655 pro
373 3583 492 3656 quolibet
510 3595 536 3637 et
554 3583 671 3654 qualibet
690 3583 756 3636 uice.
776 3583 823 3636 sol.
843 3583 900 3638 issi.
921 3599 962 3654 pp.
981 3597 1008 3638 et
1027 3583 1094 3638 ultra
1116 3584 1167 3636 hoc
1181 3583 1281 3636 dictum
1295 3583 1474 3638 snximentunt

307 3671 340 3728 sit
358 3689 460 3726 cassum
480 3683 507 3724 et
525 3671 636 3726 irritum.
656 3685 682 3726 et
700 3671 745 3726 ille
764 3672 809 3744 qui
828 3689 890 3726 eum
920 3671 976 3726 lieri
1004 3671 1101 3726 fecerit.
1128 3685 1249 3727 tenentur
1275 3673 1363 3744 ipsum
1392 3671 1476 3728 facete

333 3903 361 3952 (t)
376 3901 450 3942 vebat
468 3899 502 3943 w
515 3901 595 3956 dipa-
610 3903 706 3956 n'prm:
720 3903 823 3956 posterius
837 3911 857 3944 et
872 3903 965 3956 superins
981 3903 1055 3956 scripte
1069 3911 1134 3944 eunt:
1150 3912 1283 3956 quaeritent
1300 3911 1382 3944 unta
1401 3905 1476 3948 italicis

305 3971 377 4020 literis,
392 3987 443 4027 quas
458 3984 531 4012 rocem
545 3975 635 4022 urrinni,
650 3973 802 4027 subsequuntur
816 3987 851 4026 per
866 3973 984 4014 subductam
1006 3973 1102 4013 lineolam
1123 3972 1231 4014 obliteret:
1252 3975 1354 4024 videntur,
1375 3987 1399 4018 κ
1415 3989 1477 4032 stupu

308 4045 404 4096 uriptum
419 4053 465 4084 nit
484 4043 550 4082 rur.

333 4117 360 4164 li)
377 4114 481 4156 l‘ostrm
495 4127 539 4167 etp.
556 4115 623 4164 rerba,
638 4114 683 4156 allia
696 4115 781 4164 abrosis,
797 4115 874 4168 edjecta
890 4124 962 4168 postea
977 4113 1040 4154 luere.

334 4187 360 4234 lt)
376 4185 436 4232 Quae
450 4185 602 4240 subsequuntur
615 4187 730 4240 capreriis
745 4187 818 4240 scripta
833 4187 934 4240 posterius
950 4185 1005 4226 luere
1019 4183 1068 4227 loco
1082 4185 1204 4228 verborum:
1218 4195 1235 4227 et
1247 4187 1328 4242 palliet
1341 4185 1422 4230 aaut.
1432 4187 1475 4230 XX.

306 4263 339 4310 η.
355 4255 430 4309 quoae
444 4259 537 4310 apposita
551 4267 582 4297 est
597 4265 646 4297 nota
663 4256 728 4296 Vnt.

334 4329 361 4378 (4)
370 4326 517 4382 meque&
529 4327 714 4384 nbncueapltnla
723 4329 817 4370 ridentur
823 4331 926 4384 posterius
934 4329 1016 4386 scripte,
1024 4329 1154 4386 lnitlalaaqn
1168 4331 1241 4374 hom
1249 4331 1475 4376 innumerus.
