3958 5540
1441 543 1473 598 73

308 649 474 704 declarentur
500 649 710 704 determinentur
736 661 763 702 et
789 649 994 720 Interpretentur
1012 667 1058 720 per
1076 649 1198 704 consules
1216 663 1243 704 et
1260 651 1410 706 statutarios
1429 653 1475 722 qui

308 751 372 792 tunc
390 738 517 808 temporis
535 737 633 790 fixerint
659 749 685 790 et
703 736 760 790 siue
778 749 873 792 statuta
900 737 1084 792 ordinaciones
1108 738 1309 792 reformationes
1327 751 1476 794 contractus

308 839 334 879 et
351 826 529 896 obligationes
547 823 645 879 luerint
662 823 730 878 clara
749 825 806 878 siue
824 825 904 879 dubia
922 825 965 878 uel
984 827 1094 878 obscura
1112 825 1155 880 uei
1168 843 1184 878 e
1195 843 1346 880 conuersso.
1359 843 1415 880 non
1431 829 1477 881 ob-

309 913 438 966 stentibus
456 913 559 967 iuribus
577 912 732 966 dicentibus.
752 914 824 984 quod
842 914 871 966 in
889 913 995 966 incertis
1013 930 1068 966 non
1088 915 1164 968 certis
1176 913 1251 968 locus
1267 928 1306 968 est
1318 915 1476 970 coniecturis

308 1014 334 1054 et
352 1003 424 1073 quod
443 1019 458 1054 a
477 1001 564 1054 uerbis
582 1001 648 1070 legis
666 1015 722 1053 non
741 1014 780 1054 est
798 1001 974 1056 recedendum
995 1014 1021 1054 et
1039 1003 1110 1072 quod
1138 1001 1218 1055 stricti
1247 1003 1313 1056 luris
1340 1019 1395 1056 non
1415 1003 1477 1056 reci·

311 1089 387 1160 piunt
406 1089 660 1160 interpretationem.
674 1100 700 1142 et
718 1091 790 1160 quod
809 1089 851 1142 lex
870 1091 997 1144 seruanda
1016 1103 1055 1144 est
1073 1089 1177 1144 etiamsi
1195 1107 1334 1162 perquam
1347 1091 1476 1144 durasint

309 1179 351 1231 uei
371 1177 503 1248 aliquibus
521 1177 580 1248 aiijs
601 1177 704 1230 iuribus
722 1177 750 1230 in
770 1177 932 1232 contrarium
951 1178 1122 1249 prouulgatis.
1142 1179 1180 1232 ita
1198 1181 1270 1250 quod
1289 1197 1303 1232 a
1322 1179 1375 1232 suis
1393 1179 1477 1232 decla-

308 1267 454 1320 rationibus
472 1265 732 1336 interpretationibus
745 1264 818 1318 sactis
831 1285 876 1336 per
889 1267 1018 1320 maiorem
1031 1279 1131 1338 partem
1144 1268 1321 1338 predictorum
1334 1267 1475 1321 consulunt

308 1367 334 1407 et
353 1353 550 1406 statutariorum
578 1370 633 1406 non
661 1355 762 1424 possint
789 1353 912 1424 appellari
941 1367 980 1407 set
1006 1373 1039 1408 ex
1058 1373 1128 1408 nunc
1157 1354 1339 1425 intelligantur
1356 1373 1475 1426 expresse

308 1441 529 1512 appellationibus
548 1443 715 1496 renunciasse
727 1453 753 1495 et
766 1443 902 1512 statutarij.
921 1442 1040 1513 Singulis
1053 1443 1129 1496 annis
1141 1444 1286 1496 scribantur
1298 1461 1343 1514 per
1355 1443 1476 1496 consules

308 1529 469 1582 nominatim
488 1546 522 1582 ne
540 1531 644 1600 questio
662 1530 761 1582 oriatur
779 1531 825 1601 qui
844 1529 941 1583 luerint
959 1531 991 1584 ad
1005 1532 1143 1584 condenda
1155 1543 1258 1585 statuta
1271 1531 1305 1585 Et
1317 1531 1363 1602 qui
1375 1531 1475 1588 veneria

309 1629 399 1670 contra
418 1618 519 1670 dictum
538 1629 664 1670 statutum
684 1617 726 1670 uel
746 1618 832 1686 ipsum
851 1617 879 1670 in
899 1618 989 1689 aliquo
1007 1620 1211 1690 impugrrauerit
1231 1619 1317 1672 soluat
1336 1635 1384 1690 pro
1402 1635 1472 1690 quo-

309 1705 373 1758 libet
390 1717 417 1758 et
434 1705 552 1776 qualibet
571 1705 636 1758 uice.
656 1721 708 1776 qua
726 1722 754 1758 se
773 1707 961 1775 presentauerit
980 1707 1023 1760 uel
1043 1707 1240 1777 impugnauerit
1257 1706 1305 1760 sol.
1319 1707 1374 1760 Lx.
1394 1719 1420 1760 et
1438 1706 1476 1760 ni·

308 1793 470 1846 chilominus
488 1805 571 1846 stetur
588 1809 682 1846 eorum
694 1794 832 1864 sententijs
850 1794 1114 1848 detenninationibus
1128 1795 1348 1848 declarationibus
1360 1807 1386 1847 et
1398 1795 1476 1847 inter·

309 1883 498 1949 precationibus
516 1897 571 1934 non
591 1881 719 1934 obstante.
739 1881 797 1951 iege
816 1899 867 1952 que
885 1882 948 1936 dicit
967 1883 1038 1952 quod
1057 1899 1138 1936 nemo
1157 1883 1234 1935 debet
1252 1883 1353 1935 duabus
1372 1881 1474 1952 iegibus

310 1969 404 2036 puniri.
423 1981 449 2022 et
468 1985 524 2022 non
543 1969 671 2022 obstante.
691 1968 750 2037 iege
769 1987 820 2039 que
838 1969 902 2022 dicit
920 1970 991 2040 quod
1017 1969 1098 2022 semel
1126 1970 1239 2022 comissa
1266 1986 1333 2039 pena
1361 1968 1475 2038 amplius

310 2056 412 2110 comitti
431 2073 486 2108 non
507 2069 592 2126 potest
610 2069 636 2110 et
654 2057 773 2126 quolibet
791 2055 844 2110 alio
862 2057 921 2110 iure
940 2058 967 2110 in
986 2057 1148 2110 contrarium
1166 2059 1297 2111 ordinato.

347 2215 403 2284 378.
422 2216 489 2269 item
503 2227 629 2269 statutum
643 2215 765 2286 estquod
778 2215 823 2286 qui
836 2217 982 2270 vendiderit
994 2216 1096 2288 aliquos
1108 2217 1191 2287 pisces
1206 2217 1301 2270 crudos
1313 2215 1375 2270 alibi
1394 2232 1474 2287 quam

308 2301 335 2356 in
355 2303 459 2374 platbea
477 2303 614 2374 bugeiloni
633 2306 661 2356 in
680 2303 760 2373 plano
778 2317 804 2356 et
818 2304 844 2356 in
859 2302 962 2374 plathea
974 2321 1026 2374 que
1038 2317 1076 2358 est
1088 2323 1121 2358 ex
1133 2306 1256 2376 opposito
1270 2305 1378 2358 ecclesie
1390 2305 1474 2358 sancti

305 2391 395 2460 Jacobi
414 2392 441 2444 in
461 2391 546 2463 piacio
564 2391 651 2444 soluat
670 2408 717 2460 pro
735 2391 854 2461 quolibet
872 2403 897 2444 et
910 2391 1025 2462 qualibet
1037 2393 1093 2446 vice
1106 2393 1154 2446 soi.
1168 2393 1225 2446 XX.
1239 2411 1280 2464 pp.
1295 2395 1337 2462 (1)
1347 2405 1373 2446 et
1383 2395 1474 2447 amitat

309 2479 376 2548 pises
394 2492 421 2533 et
439 2481 566 2534 medietas
585 2480 697 2549 piscium
717 2479 852 2550 perueniat
872 2479 898 2532 in
918 2479 1039 2534 consules
1057 2493 1082 2534 et
1096 2481 1146 2534 alia
1165 2481 1193 2535 in
1212 2483 1410 2536 denuntiatores
1431 2482 1473 2534 uel

311 2581 493 2620 accussatores.
512 2569 555 2636 (r)

347 2739 405 2794 379.
424 2725 491 2778 item
510 2737 637 2778 statutum
656 2739 694 2778 est
712 2725 784 2796 quod
803 2725 848 2796 qui
867 2725 962 2779 emerit
979 2726 1061 2796 pisces
1079 2726 1140 2780 aiibi
1154 2744 1234 2798 quarn
1249 2728 1275 2780 in
1291 2728 1346 2782 istis
1364 2728 1475 2798 platheis

310 2811 397 2866 soluat
415 2829 463 2883 pro
481 2813 600 2884 quolibet
617 2826 644 2867 et
661 2813 778 2884 qualibet
796 2814 853 2868 vice
872 2814 919 2868 sol.
938 2814 970 2867 X.

349 2971 406 3040 380.
426 2971 494 3025 item
512 2984 640 3026 statutum
659 2984 698 3024 est
715 2973 787 3042 quod
815 2973 861 3044 qui
889 2973 1034 3043 permiserit
1061 2975 1139 3028 vendi
1168 2976 1250 3044 pisces
1268 2975 1363 3029 crudos
1382 2975 1409 3030 in
1428 2993 1474 3030 sua

310 3059 392 3112 domo
411 3077 457 3112 seu
476 3059 639 3112 habitatione
658 3059 700 3127 (2)
720 3071 745 3112 et
764 3060 809 3129 qui
829 3061 998 3129 receptauerit
1016 3077 1062 3113 seu
1081 3061 1206 3130 receperit
1219 3080 1233 3115 a
1247 3063 1310 3116 solis
1322 3075 1382 3116 ortu
1393 3081 1476 3133 usque

309 3147 342 3200 ad
360 3163 482 3202 ocassum
501 3147 584 3218 pisces
602 3147 707 3200 venales
725 3149 768 3216 (2)
787 3147 873 3200 soluat
891 3165 939 3218 pro
957 3148 1075 3218 quolibet
1093 3161 1119 3202 et
1138 3150 1254 3220 qualibet
1272 3151 1330 3205 uice
1349 3151 1397 3204 soi.
1416 3153 1475 3205 101.

347 3307 405 3376 381.
423 3307 491 3361 item
510 3319 637 3361 statutum
656 3307 785 3378 estquod
804 3305 891 3377 aliqua
910 3323 1020 3376 persona
1039 3323 1094 3362 non
1113 3309 1207 3362 audeat
1226 3309 1268 3362 uel
1288 3322 1421 3380 presumat
1438 3312 1476 3366 ire

309 3393 341 3448 ad
361 3395 522 3448 visitandum
541 3395 685 3464 pagloiatas
704 3411 753 3448 nec
772 3395 820 3448 sibi
841 3411 936 3464 panem
955 3395 1059 3448 mittere
1078 3413 1126 3449 nec
1144 3395 1228 3450 facere
1246 3397 1354 3468 aliquod
1373 3400 1476 3454 donum

310 3482 359 3534 nisi
379 3482 457 3536 luerit
475 3496 559 3535 mater
578 3482 630 3534 lilia
649 3500 724 3535 soror
742 3483 783 3535 nel
798 3483 918 3550 (Iognata
934 3495 959 3536 et
972 3483 1087 3554 quelibet
1100 3501 1210 3554 persona
1223 3503 1275 3556 que
1286 3487 1475 3540 contrafecerit.

309 3569 395 3624 soluat
414 3587 461 3642 pro
479 3570 595 3640 qualibet
614 3570 670 3622 vice
688 3569 736 3622 sol.
755 3570 813 3623 xx.
833 3586 874 3640 pp.

349 3729 406 3798 382.
426 3729 469 3798 (3)
487 3729 554 3782 item
574 3741 700 3782 statutum
720 3741 758 3782 est
777 3730 849 3799 quod
868 3728 984 3800 quelibet
1002 3747 1112 3800 persona
1131 3731 1164 3784 de
1183 3731 1288 3802 bugella
1312 3743 1432 3786 teneatur
1450 3745 1476 3786 et

310 3817 403 3870 debeat
421 3834 451 3870 ac
469 3817 593 3887 compelli
613 3817 694 3886 possit
713 3835 768 3869 esse
786 3818 819 3871 de
838 3817 961 3886 Collegio
980 3818 1041 3870 artis
1069 3836 1148 3888 quam
1168 3833 1270 3872 exercet
1298 3833 1323 3872 et
1342 3820 1476 3874 attendere

310 3917 429 3976 precepta
448 3905 496 3958 sibi
517 3905 581 3958 iacta
601 3905 790 3958 rationabiliter
808 3923 840 3958 ex
859 3919 931 3975 parte
949 3906 988 3958 sui
1008 3906 1122 3974 collegii.
1143 3907 1223 3960 Saluo
1243 3908 1345 3962 honore
1364 3921 1389 3962 et
1408 3909 1474 3962 vtili-

310 4005 363 4046 tate
381 3993 503 4048 comunis
522 3993 627 4062 bugeile
645 4005 671 4046 et
690 3993 764 4046 saluo
783 4005 880 4047 statuto
900 3995 986 4064 posito
1005 3995 1052 4046 sub
1072 3996 1172 4047 rubrica
1192 3997 1224 4048 de
1243 3997 1382 4049 credentia.

338 4273 368 4326 n)
383 4273 413 4324 ta)
428 4283 447 4314 n
462 4273 491 4324 (a)
508 4275 535 4326 (ι)
551 4273 681 4324 Artemone·
696 4275 814 4326 posterioris
829 4275 881 4313 nevi.

339 4345 375 4394 lii
384 4343 444 4398 jun·
458 4345 555 4398 scriptam
569 4355 616 4384 est:
634 4343 700 4384 Vacat.
