3978 5546
535 621 1046 694 etnonpossintsigntrenisirmbo
1072 623 1700 696 insimuletinpiatbeaphnibugeileetin

535 708 621 780 plscio
638 711 761 766 comunis
778 724 806 766 et
823 723 962 766 tenerum
978 713 1096 784 signasse
1113 711 1182 766 infra
1197 709 1363 768 ntduiutenr
1376 712 1481 778 domini
1492 726 1520 767 et
1531 713 1700 786 dependito

534 801 650 854 termino
668 816 724 854 non
742 799 850 870 possint.

571 953 630 1010 237.
650 940 717 994 Item
735 951 862 994 statutum
880 941 1009 1012 estquod
1027 939 1122 1011 aliquis
1140 940 1292 995 reuenditor
1308 956 1365 996 non
1377 941 1460 1012 posdt
1472 942 1500 996 in
1516 941 1600 996 domo
1612 953 1702 996 tenere

535 1025 653 1099 aliquam
670 1043 823 1082 mensurum
841 1046 895 1101 que
911 1045 967 1082 non
986 1029 1020 1083 sit
1037 1029 1140 1099 signatu
1157 1027 1236 1100 signo
1254 1029 1378 1084 comunis
1396 1029 1501 1100 bugeile
1531 1029 1621 1102 etqui
1640 1045 1701 1082 ton·

535 1114 664 1170 ntfecerit
682 1115 769 1171 soluat
786 1133 834 1188 pro
852 1115 968 1189 qualibet
986 1133 1111 1171 mensura
1128 1115 1177 1172 sol.
1195 1115 1230 1170 V.

571 1273 1071 1348 23&(t)1te1nstrtutumettqnod
1101 1273 1367 1348 omnesetsinguli
1394 1274 1535 1348 fomurij
1565 1285 1703 1347 perseet

432 1381 436 1389 ·
536 1363 1702 1435 eommnbommreetmasnengosoenenmretdebemtdeceeronoereer

536 1449 644 1504 reddere
661 1449 761 1522 lrpides
778 1463 805 1504 et
822 1451 925 1522 tegulas
942 1453 1010 1504 bene
1027 1463 1122 1505 coctus
1141 1451 1170 1505 in
1188 1450 1358 1524 longitudine
1374 1451 1518 1506 lntinrdine
1535 1465 1563 1507 et
1579 1451 1703 1524 grossitu-

535 1537 599 1592 dine
614 1537 684 1592 iustu
702 1554 855 1592 mensuram
872 1539 1030 1592 ordinatam
1049 1550 1076 1592 et
1092 1538 1207 1608 positam
1225 1555 1271 1610 ptr
1287 1555 1411 1594 comune.
1425 1552 1453 1594 et
1469 1539 1630 1594 denunciare
1642 1555 1704 1593 oon·

535 1625 636 1680 sulibus
653 1626 905 1700 quociensmnquue
921 1627 1091 1680 vacmuerint
1108 1625 1244 1682 fornacem
1261 1627 1295 1682 de
1322 1628 1453 1699 lapidibus
1470 1639 1497 1682 et
1514 1627 1612 1700 tegulis
1629 1627 1702 1699 quod

536 1713 643 1768 mittent
660 1713 786 1768 officiales
803 1713 926 1768 comunis
943 1715 977 1768 nd
994 1714 1185 1786 inquirendum
1201 1715 1225 1770 si
1242 1715 1343 1770 dietim
1361 1731 1429 1786 opus
1446 1714 1545 1770 iteum
1574 1713 1653 1770 fuerit
1669 1714 1703 1767 nd

535 1817 689 1856 mensurum
706 1801 770 1856 dicti
787 1801 918 1856 comunis
936 1801 970 1856 Et
987 1802 1034 1873 qui
1052 1814 1144 1856 contra
1161 1801 1191 1856 in
1209 1801 1299 1874 uliquo
1317 1801 1408 1858 iecerit
1425 1802 1512 1858 soluat
1524 1818 1573 1873 pro
1585 1801 1704 1874 quolibet

536 1901 563 1942 et
580 1889 697 1961 qualibet
714 1890 773 1944 uice
790 1889 839 1944 sol.
858 1889 914 1944 ut
932 1889 966 1944 Et
983 1889 1094 1961 quilibet
1112 1890 1195 1960 possit
1212 1907 1335 1946 scotare
1352 1890 1457 1962 publice
1474 1903 1502 1945 et
1519 1890 1652 1960 priuatim
1670 1889 1704 1943 Et

536 1977 658 2032 eonsules
675 1990 815 2032 teneantur
832 1979 965 2050 inquirere
982 1977 1058 2032 omni
1077 1995 1182 2034 mensse
1200 1991 1322 2050 tempore
1339 1995 1395 2050 quo
1412 1979 1461 2050 ipd
1480 1978 1620 2049 fornnxarij
1634 1975 1704 2030 labo

537 2077 595 2119 runt
613 2067 646 2119 ed
665 2065 808 2119 fomitem.
827 2067 860 2120 Et
878 2084 924 2137 per
941 2067 994 2120 hoc
1012 2078 1141 2120 statumm
1159 2067 1344 2137 intelliguntur
1362 2084 1419 2121 esse
1436 2078 1534 2121 ensem
1552 2065 1644 2120 omnia
1656 2075 1705 2118 stt·

537 2165 593 2206 tuu
612 2153 752 2224 loquentia
769 2153 802 2207 de
820 2153 983 2208 [ornandis
1002 2167 1087 2224 preter
1104 2165 1232 2209 stitutum
1251 2157 1323 2227 quod
1342 2155 1460 2227 loquitur
1476 2155 1511 2209 de
1528 2152 1705 2225 ponderandis

536 2257 583 2294 seu
601 2242 736 2296 caretndis
752 2241 883 2311 lapidibus
901 2242 944 2296 uei
963 2242 1045 2313 cupis.

758 2555 806 2612 DE
826 2555 1073 2614 HABITORIBUS
1090 2559 1139 2614 ET
1157 2557 1299 2614 VlCINIS.
1312 2587 1345 2600 -·
1358 2557 1391 2614 R.
1409 2559 1493 2615 xlm
1546 2593 1552 2600 -

574 2819 635 2880 239.
647 2803 781 2862 summm
790 2817 829 2861 est
841 2807 912 2879 quod
925 2807 1013 2878 aliqua
1024 2823 1136 2876 persona
1145 2823 1201 2859 non
1210 2808 1304 2860 deberi
1311 2823 1361 2861 nee
1371 2807 1453 2877 possit
1464 2807 1580 2860 uendere
1590 2805 1706 2861 alienare

537 2896 643 2950 cunbire
660 2895 760 2967 aliquas
778 2907 858 2949 terras
876 2895 920 2948 uel
938 2896 1116 2965 possessiones
1134 2896 1167 2948 de
1185 2896 1280 2967 quibus
1298 2896 1343 2949 dat
1361 2894 1452 2948 fictum
1471 2895 1580 2950 comuni
1600 2894 1705 2964 bugelle

537 2981 589 3038 uisi
606 2984 641 3038 de
658 2983 764 3038 licentis
781 2995 808 3038 et
825 2997 969 3038 tonsenm
996 2983 1129 3037 credetne
1154 2995 1182 3038 et
1199 2983 1246 3054 qui
1263 2982 1445 3038 wnnuieoerit
1471 2981 1558 3038 soluat
1585 2983 1705 3038 bannum

536 3069 1522 3142 wixxetunptornmintremenpoemetpemeiiatineomuni
1553 3069 1706 3141 bugelleet

537 3170 642 3230 emptor
659 3171 687 3213 et
703 3159 827 3216 uenditor
844 3171 984 3214 tenentur
996 3171 1022 3213 et
1033 3159 1147 3214 debeam
1158 3159 1220 3214 dare
1231 3158 1341 3214 comuni
1353 3175 1401 3228 pro
1413 3158 1569 3214 nuendum
1580 3173 1629 3228 pro
1641 3173 1707 3229 quo-

536 3245 609 3302 libet.
627 3247 757 3304 denudes
776 3247 835 3302 XII.
853 3262 902 3317 pro
919 3247 1037 3318 quelibet
1056 3248 1120 3301 libra
1139 3247 1218 3318 precii
1238 3246 1308 3302 dicte
1326 3247 1501 3317 possessionis
1518 3246 1628 3300 uendite
1647 3246 1706 3300 siue

537 3334 642 3389 cunbite
659 3348 685 3390 et
703 3334 826 3390 eonsules
843 3351 900 3390 non
919 3334 1020 3404 possint
1038 3333 1164 3389 inuestire
1181 3335 1261 3389 alicui
1279 3333 1325 3406 qui
1343 3351 1399 3388 non
1418 3335 1452 3389 sit
1463 3333 1596 3388 habitator
1607 3346 1634 3388 et
1646 3335 1706 3388 sub·

538 3421 608 3477 ditus
625 3423 736 3478 comuni
755 3421 860 3494 bugeiie
877 3422 906 3476 in
924 3421 1006 3475 fodris
1024 3422 1113 3492 dacijs
1132 3435 1159 3476 et
1175 3422 1303 3476 omnibus
1327 3422 1386 3493 tlijs
1404 3421 1499 3476 scuffie
1517 3434 1545 3476 et
1561 3421 1707 3475 honeribus

538 3511 661 3566 comunis
672 3523 699 3565 et
710 3510 943 3564 sicontrrfecerint
954 3509 1000 3564 ille
1011 3511 1168 3564 inuetitum
1179 3522 1271 3564 conns
1285 3510 1400 3580 predicta
1411 3509 1540 3563 bctesinr
1551 3525 1623 3563 eisne
1634 3508 1707 3562 inite

538 3609 566 3651 et
582 3597 682 3654 nullius
699 3597 805 3652 unieris.
824 3598 857 3652 Et
875 3598 1052 3669 possessiones
1070 3599 1226 3670 perueniant
1243 3599 1272 3651 in
1290 3597 1391 3651 dicnrm
1408 3613 1525 3652 comune
1542 3596 1622 3667 pleno
1640 3598 1706 3666 jure

575 3771 636 3824 240.
653 3757 722 3812 Item
739 3767 868 3810 sumtum
885 3769 925 3812 est
942 3758 1016 3828 quod
1033 3757 1124 3811 omnis
1142 3756 1188 3826 qui
1207 3755 1365 3810 habinuerit
1383 3754 1412 3808 in
1430 3754 1537 3826 bugella
1554 3753 1632 3808 faciut
1644 3752 1708 3808 uici·

538 3845 647 3900 unicias
664 3845 732 3898 sieut
748 3844 792 3915 aiij
812 3845 853 3898 sui
871 3844 954 3900 uicini
972 3845 1024 3900 nisi
1042 3845 1110 3898 iuste
1127 3859 1156 3897 se
1173 3843 1335 3898 deffenderet
1352 3841 1423 3896 inde.

576 4000 636 4052 241.
654 3986 722 4040 Item
739 3997 868 4040 sumnum
885 3997 926 4040 est
943 3985 1016 4056 quod
1033 3983 1130 4056 uliquis
1147 3983 1233 4038 homo
1251 3999 1308 4038 non
1326 3982 1466 4054 recipiatur
1483 3983 1512 4036 in
1530 3981 1708 4036 hubitttorem

538 4071 662 4129 comunis
680 4073 786 4145 bugelie
803 4072 855 4128 nisi
872 4073 907 4128 sit
924 4071 958 4126 de
975 4073 1115 4129 uoluntate
1132 4071 1270 4126 credentie
1287 4083 1315 4125 et
1332 4070 1383 4128 uisi
1401 4069 1474 4143 prius
1491 4069 1582 4126 futuit
1606 4069 1707 4126 bouum

568 4319 597 4373 (t)
610 4317 662 4372 crp-
676 4318 779 4375 posterius
792 4317 891 4360 ediitun.
