3926 5542
1282 433 1291 478 l

551 479 600 532 182

546 603 638 654 decem
656 599 736 654 simul
754 599 879 654 omnibus
890 599 1048 670 computatis
1061 611 1167 654 eruatur
1178 599 1282 654 eiunus
1295 600 1404 654 occulus
1415 599 1473 654 sine
1485 599 1573 672 aliqua
1584 601 1711 671 peccunia

546 688 720 758 persoluanda
742 687 861 741 Comuni
880 687 998 758 bugelle.
1012 687 1041 741 Si
1054 705 1118 741 uero
1137 705 1152 740 a
1171 688 1243 742 libris
1255 701 1363 742 centum
1377 701 1494 759 utsupra
1507 689 1561 758 ipsa
1574 690 1630 743 duo
1642 689 1710 742 furta

545 777 715 828 ascenderent
732 787 796 828 tunc
813 776 863 830 sibi
881 788 1032 845 amputetur
1050 792 1145 829 manus
1163 777 1313 846 desumpto
1326 789 1439 848 quatuor
1457 793 1521 830 uero
1539 775 1615 830 furtis
1632 789 1659 830 et
1677 777 1710 830 ab

545 864 606 915 inde
619 879 695 932 supra
706 863 906 916 ascendentibus
919 880 1001 933 usque
1013 865 1046 916 ad
1058 863 1137 916 libras
1151 863 1268 918 Centum
1280 864 1405 916 omnibus
1419 863 1578 934 computatis
1595 879 1709 934 suspen-

544 951 621 1004 datur
639 951 793 1020 pergulam
812 951 898 1004 taliter
916 951 988 1021 quod
1007 951 1111 1021 penims
1130 951 1265 1004 moriatur.
1298 953 1323 1004 Α
1342 965 1449 1004 centum
1468 969 1533 1005 uero
1551 951 1624 1004 libris
1641 951 1710 1005 inira

543 1040 696 1092 descensiue
714 1057 797 1108 usque
815 1041 847 1092 ad
865 1039 1065 1111 quinquaginta,
1085 1051 1236 1109 amputetur
1253 1040 1302 1092 sibi
1321 1057 1416 1094 manus
1435 1041 1519 1094 destm
1538 1039 1625 1094 taliter
1636 1041 1709 1110 quod

544 1145 558 1180 a
578 1127 685 1180 brachio
703 1141 843 1196 separetur.
864 1129 888 1180 A
907 1128 1099 1198 quinquaginta
1119 1143 1183 1180 uero
1203 1129 1275 1181 libris
1289 1127 1356 1182 infra
1368 1145 1416 1198 pro
1434 1129 1496 1198 ipsis
1508 1141 1622 1199 quantor
1634 1127 1710 1181 furtis

543 1215 733 1286 cuiuscumque
750 1215 903 1285 quantitatis
921 1213 1019 1268 fuerint
1036 1227 1142 1268 eruatur
1159 1216 1209 1268 sibi
1229 1233 1298 1268 unus
1316 1215 1424 1268 occulus
1437 1229 1464 1268 et
1475 1217 1503 1268 in
1517 1215 1636 1286 quolibet
1655 1232 1709 1286 pre

543 1303 674 1356 dictorum
693 1321 802 1356 casuum
820 1315 940 1356 teneatur
957 1301 1000 1354 fur
1015 1303 1151 1356 restituere
1162 1304 1309 1373 dampnum
1322 1321 1399 1374 passo
1412 1321 1469 1356 rem
1480 1301 1640 1373 duplioamm
1651 1303 1709 1356 siue

543 1391 654 1461 duplum
673 1391 770 1444 ualoris
788 1391 869 1461 ipsius
888 1391 924 1442 rei
944 1389 1035 1443 furate
1054 1391 1082 1443 Si
1096 1407 1160 1444 uero
1173 1390 1216 1444 fur
1228 1391 1306 1444 tuerit
1318 1392 1408 1444 minor
1419 1391 1619 1462 quatuordecim
1632 1391 1709 1443 annis

542 1487 605 1530 tunc
624 1477 791 1546 mittigentur
809 1490 835 1529 et
854 1477 1009 1530 minuentur
1026 1478 1074 1530 sibi
1094 1478 1163 1530 dicte
1175 1478 1302 1548 peccunie
1319 1479 1428 1532 arbitrio
1446 1479 1619 1531 dominorum
1638 1491 1709 1549 pote-

542 1565 615 1616 statis
633 1565 748 1634 Clauarij
768 1576 794 1617 et
813 1565 971 1619 Consulum.
990 1566 1024 1618 Et
1041 1566 1096 1635 pari
1115 1583 1182 1635 pena
1196 1566 1338 1635 puniantur
1350 1567 1442 1619 dantes
1454 1567 1567 1620 scienter
1578 1565 1707 1620 auxilium

543 1651 685 1704 consilium
703 1651 746 1704 uel
765 1652 884 1706 fauorem
903 1654 936 1706 ad
955 1653 1069 1723 predicta
1087 1655 1257 1707 comittenda.
1271 1654 1352 1715 Quod
1365 1665 1492 1708 statutum
1511 1669 1567 1707 nou
1585 1653 1709 1707 uendioet

542 1740 591 1792 sibi
610 1740 699 1794 locum
718 1741 745 1792 in
765 1740 822 1794 lilio
840 1741 883 1794 uel
902 1739 964 1810 filijs
976 1741 1123 1795 fitrantibus
1134 1758 1180 1794 seu
1193 1742 1387 1816 subtraentibus
1399 1741 1466 1811 patri
1478 1741 1521 1795 uel
1535 1742 1651 1812 patribus
1664 1740 1708 1794 uel

542 1826 570 1879 in
589 1845 670 1880 more
687 1830 837 1881 subtraente
855 1829 912 1882 viro
931 1828 973 1880 uel
993 1830 1074 1882 etiam
1092 1846 1167 1881 uersa
1186 1829 1244 1881 uice
1262 1846 1311 1881 nec
1329 1830 1358 1881 in
1376 1828 1498 1882 fratribus
1509 1829 1552 1882 uel
1570 1829 1629 1902 alijs
1647 1845 1709 1882 con·

544 1917 697 1984 sanguineis
716 1915 795 1968 simul
815 1917 983 1969 manentibus
1002 1917 1046 1968 sed
1065 1917 1237 1969 solummodo
1255 1915 1429 1986 compellatur
1446 1916 1490 1984 (1)
1510 1917 1579 1970 dicte
1597 1933 1709 1986 persone

542 2006 574 2058 ad
593 2006 787 2058 restitutionem
806 2006 842 2057 rei
862 2017 942 2057 tracte
962 2004 1004 2056 uel
1023 2004 1114 2058 furate.
1134 2005 1167 2057 Et
1186 2005 1299 2074 predicta
1318 2021 1374 2057 non
1394 2005 1536 2059 uendicent
1553 2005 1603 2058 sibi
1616 2005 1706 2058 locutu

541 2106 660 2162 tempore
679 2094 795 2145 maxime
813 2092 966 2145 caritudinis
984 2105 1010 2144 et
1028 2093 1137 2161 penurie
1151 2093 1178 2144 in
1191 2091 1337 2145 furantibus
1350 2092 1392 2145 uel
1405 2091 1608 2146 subrahendbus
1619 2092 1707 2164 aliqua

541 2182 664 2234 uictualia
684 2181 725 2234 uel
745 2182 848 2234 uinum.
877 2181 940 2244 Que
967 2181 1085 2233 caritudo
1113 2197 1159 2233 seu
1190 2182 1298 2250 penuria
1326 2181 1511 2251 interpretetur
1534 2181 1708 2251 dispon'tiom

544 2281 685 2323 rectorum.

543 2465 594 2532 30·
617 2445 667 2512 De
690 2466 771 2532 peua
792 2445 938 2512 intrantis
961 2444 1096 2511 domum
1118 2442 1171 2510 uel
1193 2460 1316 2512 curtem
1339 2443 1484 2512 alienam.

575 2569 646 2623 Item
665 2579 792 2622 statutum
811 2582 849 2621 est
867 2568 938 2638 quod
957 2569 978 2621 si
998 2568 1056 2638 quis
1068 2567 1205 2621 intrauerit
1218 2569 1330 2622 domum
1343 2569 1444 2622 curiam
1458 2568 1502 2622 uel
1513 2567 1707 2624 habitationem

539 2658 651 2711 alicuius
668 2669 788 2726 tempore
806 2657 892 2709 noctis
909 2657 1050 2725 ignorante
1068 2657 1180 2710 domino
1199 2656 1268 2710 dicte
1281 2657 1378 2709 domus
1392 2655 1435 2709 uel
1445 2657 1503 2710 eius
1517 2655 1626 2722 familia,
1637 2657 1707 2711 Con·

540 2747 698 2815 dampnetur
715 2745 737 2797 si
755 2743 838 2796 nichil
866 2745 1050 2813 exportauerit,
1079 2745 1110 2797 ln
1138 2744 1210 2798 libris
1239 2743 1455 2815 uigintiquinque
1474 2745 1648 2814 papiensium.
1673 2745 1707 2798 Et

540 2833 641 2886 dictum
659 2845 787 2886 statutum
805 2849 861 2885 non
880 2833 1003 2884 uendicet
1020 2833 1070 2884 sibi
1089 2832 1178 2885 locum
1198 2831 1353 2884 facientibus
1372 2833 1523 2885 custodiam
1551 2833 1621 2886 dicte
1638 2844 1707 2886 terre

539 2921 650 2992 bugelle
665 2923 698 2974 de
716 2933 795 2974 nocte
812 2921 858 2991 qui
877 2920 980 2974 soluere
999 2932 1138 2973 teneantur
1155 2920 1255 2974 solidos
1274 2920 1391 2972 Centum
1403 2921 1569 2990 papiensium
1582 2937 1631 2991 pro
1642 2937 1707 2991 quo·

539 3009 603 3063 libet
621 3021 647 3062 et
664 3008 781 3080 qualibet
799 3008 858 3062 uice
875 3025 927 3080 qua
945 3009 1083 3062 intrauerit
1102 3007 1130 3061 in
1149 3008 1262 3063 domum
1281 3007 1325 3060 uel
1343 3019 1445 3061 curtem
1458 3009 1573 3062 alienam
1586 3022 1616 3063 ut
1627 3025 1705 3080 supra

539 3114 617 3152 causa
634 3097 785 3168 asportandi
803 3097 876 3168 ligna
894 3098 928 3151 ad
946 3098 1102 3152 custodiam.
1121 3097 1155 3150 Et
1172 3097 1205 3150 ad
1224 3097 1419 3152 restitutionem
1437 3097 1555 3168 dampni

540 3295 591 3362 31·
615 3274 666 3342 De
688 3297 771 3364 pena
794 3273 977 3342 derobantis
1013 3295 1070 3362 per
1096 3273 1284 3341 uiolautiam
1319 3292 1351 3340 et
1388 3275 1579 3362 receptantis
1601 3273 1705 3363 ipsam

581 3381 750 3448 tabariam.

572 3488 640 3541 Item
657 3499 785 3541 statutum
803 3499 842 3540 est
860 3487 932 3557 quod
950 3485 972 3539 si
990 3485 1049 3557 quis
1067 3486 1184 3557 aliquem
1202 3479 1368 3541 dembatlerit
1380 3503 1426 3557 per
1437 3487 1595 3542 uiolantiam
1612 3489 1704 3542 animo

537 3576 682 3630 derobandi
701 3593 729 3629 re
747 3576 790 3628 uel
810 3576 887 3628 rebus
906 3575 1055 3628 ualantibus
1073 3574 1153 3628 libras
1172 3574 1388 3646 uigintiquiuque
1415 3576 1582 3645 papiensium
1609 3577 1652 3630 uel
1670 3577 1704 3630 ab

536 3663 599 3717 inde
617 3680 702 3733 supra
720 3663 754 3716 Et
772 3663 885 3716 comissa
904 3661 982 3716 luerit
1000 3663 1069 3715 dicta
1087 3663 1189 3715 robaria
1208 3675 1279 3716 extra
1298 3675 1394 3716 terram
1424 3662 1534 3733 Bugelle
1551 3680 1629 3734 super
1646 3666 1704 3718 eius

536 3753 690 3806 iuriditione
707 3752 832 3823 puniatur
849 3752 877 3826 iq
896 3749 1003 3805 florenis
1022 3751 1237 3822 uigintiquinque
1254 3767 1358 3804 camere
1376 3751 1439 3804 dicti
1466 3751 1589 3804 comunis
1615 3751 1702 3822 appli-

536 3841 627 3894 candis
645 3857 693 3911 pro
711 3840 830 3912 quolibet
847 3851 875 3894 et
893 3839 1011 3910 qualibet
1029 3839 1088 3892 uice
1107 3855 1159 3910 qua
1188 3851 1279 3892 contra
1306 3837 1373 3891 lacta
1401 3838 1487 3892 fuerit.
1506 3839 1535 3892 Si
1553 3856 1618 3894 ueto
1636 3839 1704 3894 lacta

535 3928 659 3984 fueritin
679 3930 734 4001 ipsa
752 3941 820 3984 terta
838 3927 948 3998 Bugelle
966 3946 995 3980 re
1012 3927 1056 3980 uel
1073 3928 1151 3980 rebus
1169 3927 1265 3980 valoris
1283 3927 1410 3980 librarum
1437 3925 1652 3999 vigintiquinque
1669 3929 1703 3982 ab

535 4019 598 4073 inde
616 4035 702 4089 supra,
723 4018 809 4073 taliter
826 4015 983 4088 delinquens
1001 4015 1125 4087 puniamr
1142 4028 1172 4069 ut
1189 4015 1307 4086 supra‚si
1319 4031 1383 4068 uero
1396 4015 1465 4068 dicta
1479 4017 1574 4069 robora
1583 4016 1626 4086 (a)
1636 4015 1703 4071 lacta

562 4228 590 4282 (t)
604 4227 629 4269 la
642 4228 735 4283 amplo
749 4228 855 4272 ὼιηιωο
869 4227 959 4285 legitur:
972 4226 1114 4284 compellam

562 4298 590 4352 (a)
605 4297 651 4340 ld:
665 4299 751 4340 minis.
