3918 5554
510 507 563 575 248
574 491 577 500 ¹

544 645 588 698 44
606 629 674 684 Item
693 641 821 686 statutum
839 633 969 703 estquod
987 631 1010 686 si
1028 629 1123 704 uliquis
1142 631 1295 704 Celegerius
1313 631 1357 686 uel
1376 632 1409 686 de
1427 631 1552 704 Collegio
1570 634 1603 686 nb
1624 634 1678 687 hoc

510 717 600 772 seculo
618 718 758 774 decesserit
775 721 821 791 qui
839 737 895 775 non
914 721 1023 775 haberet
1040 721 1111 775 vnde
1128 733 1235 792 possent
1252 719 1301 774 sibi
1320 719 1377 774 fieri
1404 737 1519 792 expense
1545 721 1678 793 sepulture

510 805 583 876 quod
602 805 734 861 Consules
752 806 867 880 Collegij
887 807 1000 863 debeant
1018 809 1068 864 sibi
1086 808 1171 863 facere
1188 809 1221 864 sd
1239 819 1361 880 sumptus
1379 807 1504 880 Collegij.

544 979 587 1035 45.
606 965 674 1020 Item
693 977 820 1022 stitutum
839 967 969 1038 estquod
992 967 1104 1038 quilibet
1134 967 1180 1038 qui
1211 966 1390 1038 snprssteteris
1418 967 1452 1022 sd
1481 966 1677 1022 meliorsndum

509 1065 605 1108 sntun
624 1053 739 1126 collegii
759 1054 855 1109 hibent
873 1054 1030 1126 imperiales,
1048 1054 1131 1126 VlllJ‚
1150 1069 1199 1126 pro
1216 1055 1336 1126 quolibet
1353 1066 1380 1110 et
1397 1054 1514 1127 quelibet
1531 1055 1582 1109 die

544 1212 587 1279 46.
605 1212 674 1266 ltem
692 1223 820 1267 stitutum
838 1223 877 1266 est
894 1214 967 1284 quod
986 1213 1059 1268 nulla
1077 1229 1189 1284 persons
1206 1214 1301 1269 debent
1318 1214 1357 1284 ire
1386 1214 1420 1268 ad
1450 1213 1575 1268 standum
1605 1225 1678 1268 exne

508 1299 1677 1372 pornsdeitugellretvemstoindiedominimiemnnsetdiejouisesue

508 1387 615 1441 emendi
634 1385 722 1458 aliquo
741 1387 827 1442 Cores
846 1387 889 1442 uel
907 1387 989 1458 pelles
1007 1401 1053 1442 sut
1068 1399 1220 1444 nummatas
1238 1389 1272 1444 de
1289 1387 1379 1444 officio
1398 1387 1546 1460 Celegerie.
1571 1389 1605 1442 lit
1631 1387 1678 1458 qui

508 1473 691 1528 contrafecerit
708 1474 802 1528 Solunt
821 1477 939 1529 bannum
959 1492 1007 1546 pro
1025 1476 1144 1546 quolibet
1161 1488 1188 1530 et
1206 1475 1323 1547 qualibet
1341 1477 1400 1530 uice
1417 1476 1565 1530 solidorum
1577 1476 1610 1529 X.
1620 1491 1678 1546 pro-

507 1561 627 1632 quolibet
646 1560 734 1617 Coreo
752 1574 779 1616 et
797 1579 846 1633 pro
863 1563 980 1633 quolibet
998 1561 1067 1634 pelle
1084 1563 1232 1618 solidorum
1250 1563 1283 1617 V.
1303 1564 1478 1636 papiensium,
1503 1564 1537 1618 Et
1567 1562 1678 1636 quilibet

508 1651 591 1720 posit
607 1665 729 1704 accusare
747 1661 774 1704 et
791 1650 887 1706 hubent
904 1651 1013 1706 terciam
1032 1665 1134 1722 partem
1153 1653 1242 1706 banni.

542 1823 586 1878 ⁴7·
604 1808 672 1862 Item
690 1819 819 1864 smtutum
837 1809 966 1882 estquod
984 1809 1074 1864 nullus
1093 1809 1247 1883 Calegartus
1264 1812 1298 1866 de
1316 1809 1421 1884 bugella
1451 1811 1545 1866 debent
1574 1812 1614 1882 ire
1643 1811 1676 1866 nd

508 1895 599 1951 locum
617 1897 731 1951 ondurni
749 1913 828 1952 causa
845 1898 978 1952 vendendi
996 1897 1149 1952 subtellnres
1167 1916 1216 1952 nec
1234 1899 1336 1971 aliquas
1354 1915 1464 1970 resque
1482 1899 1630 1970 pertineant
1643 1899 1676 1952 nd
1697 1939 1703 1951 .

508 1984 628 2038 officium
645 1985 786 2056 Cnlegarie
805 2002 853 2040 nec
871 2002 948 2039 causa
967 1987 1075 2040 emendi
1094 1985 1180 2040 Coren
1198 2004 1248 2040 nec
1266 1986 1355 2058 pelles,
1374 1985 1407 2040 Et
1425 1985 1470 2056 qui
1494 1985 1677 2040 contrafecerit

506 2071 594 2126 solun
613 2073 732 2126 bannum
751 2089 799 2144 pro
818 2073 934 2146 quelibet
953 2075 1012 2128 uice
1029 2074 1177 2129 solidorum
1195 2075 1254 2140 XX,
1273 2075 1447 2147 papiensium,
1465 2075 1499 2128 Et
1516 2075 1562 2146 qui
1574 2091 1677 2129 accum-

506 2161 575 2214 uerit
593 2161 689 2214 habeut
706 2161 815 2215 tercinm
833 2173 935 2232 purtem
954 2162 1043 2215 banni.

540 2318 584 2384 48.
603 2318 671 2372 Item
689 2329 837 2372 stnmemnt
853 2319 992 2390 Sapientes
1009 2319 1043 2372 de
1061 2318 1185 2390 Collegio
1203 2320 1275 2391 quod
1294 2321 1328 2374 de
1345 2320 1436 2392 aliquo
1454 2321 1544 2374 banno
1557 2321 1676 2394 judicsto

507 2423 553 2478 per
570 2406 707 2476 Sapientes
726 2405 840 2476 Collegij
860 2423 915 2460 non
936 2407 999 2476 poni
1017 2407 1045 2460 in
1065 2407 1190 2478 Collegio
1208 2425 1257 2462 nec
1275 2409 1357 2479 possit
1375 2409 1472 2463 habere
1490 2409 1607 2481 aliquam
1618 2427 1673 2482 gra·

507 2493 584 2548 cinm,
603 2494 637 2547 Et
655 2494 700 2547 ille
717 2495 763 2566 qui
782 2493 964 2549 contrafecerit
981 2494 1068 2548 solunt
1087 2496 1205 2550 bannum
1224 2511 1272 2566 pro
1284 2495 1401 2567 qualibet
1413 2497 1474 2551 uice
1483 2497 1631 2588 solidorum
1640 2497 1671 2550 X.

509 2598 684 2652 papiensium.

541 2756 585 2812 49.
603 2741 672 2796 ltem
691 2739 899 2796 meliornuerunt
917 2741 1054 2813 Sapientes
1072 2743 1144 2814 quod
1163 2742 1274 2814 quilibet
1292 2743 1376 2798 homo
1389 2743 1435 2815 qui
1448 2745 1556 2798 baberet
1567 2744 1672 2818 aliquod

507 2829 626 2883 bannum
644 2829 726 2900 possit
743 2829 854 2900 probare
871 2845 919 2900 pro
938 2830 1064 2901 Emptore
1082 2842 1108 2884 et
1127 2845 1174 2902 pro
1192 2831 1332 2884 uenditore
1349 2842 1376 2884 et
1400 2847 1448 2902 pro
1477 2829 1595 2904 qualibet
1622 2830 1673 2885 siin

509 2934 630 2988 persons.

544 3073 584 3128 50.
603 3060 671 3114 Item
689 3070 817 3114 statutum
836 3058 965 3130 estquod
977 3060 1011 3114 nd
1030 3058 1127 3114 festum
1144 3060 1228 3114 sancti
1247 3060 1299 3114 vrsi
1327 3059 1458 3114 Consules
1488 3077 1544 3115 non
1573 3060 1675 3131 possint

506 3149 655 3218 expendere
672 3148 706 3201 de
724 3147 850 3218 peccunia
869 3145 983 3218 Collegij
1003 3147 1055 3200 nisi
1073 3147 1192 3219 quinque
1203 3147 1312 3212 solidos,
1324 3148 1357 3201 Et
1368 3147 1391 3202 si
1404 3147 1535 3202 Consules
1552 3148 1675 3220 expendi·

506 3236 593 3291 derint
611 3235 670 3306 plus
687 3235 760 3306 quod
778 3236 856 3290 vadat
873 3235 906 3289 ad
924 3251 1051 3305 expensos
1070 3233 1228 3289 Consulum.

543 3411 582 3464 51.
602 3395 673 3450 Item
692 3393 900 3448 meliomuerunt
918 3392 1055 3463 Sapientes
1073 3393 1145 3464 quod
1163 3408 1259 3446 omnes
1276 3392 1322 3446 ille
1340 3411 1381 3448 res
1398 3395 1432 3449 de
1461 3395 1557 3466 quibus
1587 3395 1675 3450 maior

505 3500 564 3554 pnrs
582 3482 696 3552 Collegij
717 3482 794 3534 luerit
812 3481 841 3534 in
854 3481 995 3534 concordia
1005 3492 1146 3533 teneantur
1160 3479 1278 3544 firmiter,
1291 3482 1325 3534 Et
1337 3483 1383 3552 qui
1395 3482 1576 3536 contrafecerit
1588 3483 1675 3536 solunt

506 3573 625 3624 bannum
644 3585 692 3638 pro
710 3569 827 3641 qualibet
844 3568 904 3622 uice
921 3567 1070 3622 solidorum
1088 3566 1121 3619 v.
1140 3568 1305 3638 papiensium
1324 3571 1474 3624 dummodo
1504 3569 1570 3624 titud
1600 3569 1673 3640 quod
1732 3557 1736 3564 '

504 3659 659 3712 ordinatum
677 3655 756 3710 fuerit
773 3657 947 3728 approbatum
965 3653 1045 3709 fuerit
1062 3669 1108 3724 per
1126 3653 1258 3710 Comune.

543 3832 583 3886 5²·
601 3817 669 3870 Item
687 3827 834 3870 stamerunt
851 3827 878 3869 et
889 3814 1080 3868 ordinnuerunt
1092 3812 1229 3884 Sapientes
1241 3813 1355 3886 Collegij
1369 3815 1442 3886 quod
1454 3815 1562 3870 terciam
1572 3827 1674 3887 partem

504 3905 631 3976 peccunie
649 3903 764 3976 Collegij
784 3903 880 3958 habent
898 3901 1037 3957 Clnunrius
1054 3914 1081 3956 et
1099 3901 1163 3956 slim
1181 3915 1266 3972 partes
1285 3902 1424 3957 Consules.

542 4080 581 4134 53.
601 4063 669 4117 Item
686 4073 813 4116 statutum
832 4073 872 4115 est
889 4061 962 4132 quod
980 4059 1070 4115 nuilus
1089 4059 1228 4130 recipiatur
1245 4059 1273 4112 in
1287 4059 1411 4132 Collegio
1424 4061 1562 4133 Celegerie
1574 4062 1626 4117 nisi
1638 4064 1672 4118 sit

504 4164 622 4206 terrenus
640 4163 667 4204 et
683 4149 816 4204 habitator
833 4148 944 4220 Bugelle
961 4148 1004 4202 uel
1022 4148 1122 4202 steterit
1147 4163 1193 4218 per
1222 4147 1306 4213 XXX,
1337 4165 1422 4202 annos
1451 4161 1478 4203 et
1507 4150 1572 4204 sciat
1602 4150 1674 4221 prius

502 4255 623 4293 exercere
641 4237 760 4292 officium
779 4237 917 4308 Cniegnrie
935 4247 962 4290 et
979 4248 1041 4290 nnte
1059 4235 1168 4290 soluerit
1186 4234 1301 4290 florenos
1319 4236 1387 4290 duos
1405 4237 1448 4290 uel
1461 4237 1558 4308 pignus
1571 4238 1674 4292 dederit

503 4327 665 4382 Consulibus
683 4338 826 4396 antequam
845 4335 957 4394 ponamr
974 4324 1002 4376 in
1022 4323 1154 4393 Collegio.
1173 4323 1207 4377 Et
1225 4335 1288 4377 mne
1306 4325 1328 4378 si
1341 4323 1412 4378 dicto
1427 4325 1543 4394 piratico
1556 4326 1598 4379 uel
1613 4325 1675 4379 Col·
