<?xml version="1.0" encoding="UTF-8"?>
<!DOCTYPE html PUBLIC "-//W3C//DTD XHTML 1.0 Transitional//EN"
    "http://www.w3.org/TR/xhtml1/DTD/xhtml1-transitional.dtd">
<html xmlns="http://www.w3.org/1999/xhtml" xml:lang="en" lang="en">
 <head>
  <title>
</title>
<meta http-equiv="Content-Type" content="text/html;charset=utf-8" />
  <meta name='ocr-system' content='tesseract 3.04.00' />
  <meta name='ocr-capabilities' content='ocr_page ocr_carea ocr_par ocr_line ocrx_word'/>
</head>
<body>
  <div class='ocr_page' id='page_1' title='image "./statutacomunisb00sellgoog_0090.png"; bbox 0 0 3978 5546; ppageno 0'>
   <div class='ocr_carea' id='block_1_1' title="bbox 1414 541 1442 595">
    <p class='ocr_par' dir='ltr' id='par_1_1' title="bbox 1414 541 1442 595">
     <span class='ocr_line' id='line_1_1' title="bbox 1414 541 1442 595; baseline 0.107 -3"><span class='ocrx_word' id='word_1_1' title='bbox 1414 541 1442 595; x_wconf 84' lang='lat'>53</span> 
     </span>
    </p>
   </div>
   <div class='ocr_carea' id='block_1_2' title="bbox 283 646 1448 1240">
    <p class='ocr_par' dir='ltr' id='par_1_2' title="bbox 283 646 1448 1240">
     <span class='ocr_line' id='line_1_2' title="bbox 318 646 1445 717; baseline -0.004 -15"><span class='ocrx_word' id='word_1_2' title='bbox 318 661 378 716; x_wconf 82' lang='lat'>272.</span> <span class='ocrx_word' id='word_1_3' title='bbox 397 647 464 701; x_wconf 85' lang='lat' dir='ltr'>ltern</span> <span class='ocrx_word' id='word_1_4' title='bbox 482 659 609 700; x_wconf 83' lang='lat' dir='ltr'>statutum</span> <span class='ocrx_word' id='word_1_5' title='bbox 627 659 666 699; x_wconf 87' lang='lat' dir='ltr'>est</span> <span class='ocrx_word' id='word_1_6' title='bbox 685 647 757 717; x_wconf 92' lang='lat' dir='ltr'>quod</span> <span class='ocrx_word' id='word_1_7' title='bbox 775 646 848 700; x_wconf 77' lang='lat' dir='ltr'>nulla</span> <span class='ocrx_word' id='word_1_8' title='bbox 866 663 977 716; x_wconf 81' lang='lat' dir='ltr'>persona</span> <span class='ocrx_word' id='word_1_9' title='bbox 995 647 1088 699; x_wconf 86' lang='lat' dir='ltr'>debeat</span> <span class='ocrx_word' id='word_1_10' title='bbox 1117 647 1259 698; x_wconf 84' lang='lat' dir='ltr'>arancharc</span> <span class='ocrx_word' id='word_1_11' title='bbox 1277 646 1334 698; x_wconf 88' lang='lat' dir='ltr'>siue</span> <span class='ocrx_word' id='word_1_12' title='bbox 1352 662 1445 715; x_wconf 85' lang='lat' dir='ltr'>capere</span> 
     </span>
     <span class='ocr_line' id='line_1_3' title="bbox 284 732 1446 804; baseline -0.003 -16"><span class='ocrx_word' id='word_1_13' title='bbox 284 735 326 788; x_wconf 90' lang='lat' dir='ltr'>uel</span> <span class='ocrx_word' id='word_1_14' title='bbox 343 747 475 804; x_wconf 86' lang='lat' dir='ltr'>asportare</span> <span class='ocrx_word' id='word_1_15' title='bbox 494 735 536 787; x_wconf 84' lang='lat' dir='ltr'>uel</span> <span class='ocrx_word' id='word_1_16' title='bbox 556 735 670 803; x_wconf 79' lang='lat' dir='ltr'>predicta</span> <span class='ocrx_word' id='word_1_17' title='bbox 689 733 744 786; x_wconf 88' lang='lat' dir='ltr'>lieri</span> <span class='ocrx_word' id='word_1_18' title='bbox 763 733 847 785; x_wconf 81' lang='lat' dir='ltr'>lacere</span> <span class='ocrx_word' id='word_1_19' title='bbox 865 733 975 802; x_wconf 87' lang='lat' dir='ltr'>aliquos.</span> <span class='ocrx_word' id='word_1_20' title='bbox 1004 733 1103 802; x_wconf 88' lang='lat' dir='ltr'>lapides</span> <span class='ocrx_word' id='word_1_21' title='bbox 1130 734 1164 785; x_wconf 91' lang='lat' dir='ltr'>de</span> <span class='ocrx_word' id='word_1_22' title='bbox 1191 733 1285 800; x_wconf 87' lang='lat' dir='ltr'>quibus</span> <span class='ocrx_word' id='word_1_23' title='bbox 1307 732 1446 802; x_wconf 83' lang='lat' dir='ltr'>dampnifi-</span> 
     </span>
     <span class='ocr_line' id='line_1_4' title="bbox 283 820 1447 888; baseline -0.003 -14"><span class='ocrx_word' id='word_1_24' title='bbox 283 834 375 874; x_wconf 86' lang='lat' dir='ltr'>ceutur</span> <span class='ocrx_word' id='word_1_25' title='bbox 392 823 435 873; x_wconf 85' lang='lat' dir='ltr'>vie</span> <span class='ocrx_word' id='word_1_26' title='bbox 453 823 487 874; x_wconf 90' lang='lat' dir='ltr'>de</span> <span class='ocrx_word' id='word_1_27' title='bbox 505 822 554 873; x_wconf 84' lang='lat' dir='ltr'>viis</span> <span class='ocrx_word' id='word_1_28' title='bbox 572 822 731 873; x_wconf 83' lang='lat' dir='ltr'>comunibus</span> <span class='ocrx_word' id='word_1_29' title='bbox 749 820 805 873; x_wconf 88' lang='lat' dir='ltr'>siue</span> <span class='ocrx_word' id='word_1_30' title='bbox 824 821 857 872; x_wconf 89' lang='lat' dir='ltr'>de</span> <span class='ocrx_word' id='word_1_31' title='bbox 875 821 954 874; x_wconf 87' lang='lat' dir='ltr'>costis</span> <span class='ocrx_word' id='word_1_32' title='bbox 982 821 1075 874; x_wconf 90' lang='lat' dir='ltr'>necin</span> <span class='ocrx_word' id='word_1_33' title='bbox 1095 821 1226 888; x_wconf 74' lang='lat' dir='ltr'>aliquibus</span> <span class='ocrx_word' id='word_1_34' title='bbox 1254 820 1312 886; x_wconf 72' lang='lat' dir='ltr'>aliis</span> <span class='ocrx_word' id='word_1_35' title='bbox 1332 820 1447 888; x_wconf 86' lang='lat' dir='ltr'>partibus</span> 
     </span>
     <span class='ocr_line' id='line_1_5' title="bbox 284 907 1447 977; baseline -0.003 -16"><span class='ocrx_word' id='word_1_36' title='bbox 284 911 325 961; x_wconf 84' lang='lat' dir='ltr'>ubi</span> <span class='ocrx_word' id='word_1_37' title='bbox 345 909 398 962; x_wconf 91' lang='grc'><strong>5101</strong></span> <span class='ocrx_word' id='word_1_38' title='bbox 417 909 459 960; x_wconf 84' lang='lat' dir='ltr'>uie</span> <span class='ocrx_word' id='word_1_39' title='bbox 477 908 581 977; x_wconf 87' lang='lat' dir='ltr'>publice</span> <span class='ocrx_word' id='word_1_40' title='bbox 609 908 694 977; x_wconf 91' lang='lat' dir='ltr'>placij.</span> <span class='ocrx_word' id='word_1_41' title='bbox 724 908 765 959; x_wconf 91' lang='lat' dir='ltr'>uel</span> <span class='ocrx_word' id='word_1_42' title='bbox 785 907 855 976; x_wconf 90' lang='lat' dir='ltr'>plani</span> <span class='ocrx_word' id='word_1_43' title='bbox 885 925 933 960; x_wconf 86' lang='lat' dir='ltr'>nec</span> <span class='ocrx_word' id='word_1_44' title='bbox 961 907 1091 976; x_wconf 81' lang='lat' dir='ltr'>aliquibus</span> <span class='ocrx_word' id='word_1_45' title='bbox 1111 908 1247 959; x_wconf 87' lang='lat' dir='ltr'>rialisnec</span> <span class='ocrx_word' id='word_1_46' title='bbox 1267 907 1447 976; x_wconf 79' lang='lat' dir='ltr'>fossatisque</span> 
     </span>
     <span class='ocr_line' id='line_1_6' title="bbox 284 994 1448 1065; baseline -0.002 -17"><span class='ocrx_word' id='word_1_47' title='bbox 284 997 383 1065; x_wconf 88' lang='lat' dir='ltr'>possint</span> <span class='ocrx_word' id='word_1_48' title='bbox 401 995 564 1049; x_wconf 81' lang='lat' dir='ltr'>damnificari</span> <span class='ocrx_word' id='word_1_49' title='bbox 583 995 633 1047; x_wconf 81' lang='lat' dir='ltr'>vie.</span> <span class='ocrx_word' id='word_1_50' title='bbox 653 994 695 1046; x_wconf 85' lang='lat' dir='ltr'>uel</span> <span class='ocrx_word' id='word_1_51' title='bbox 715 996 900 1063; x_wconf 84' lang='lat' dir='ltr'>possessiones.</span> <span class='ocrx_word' id='word_1_52' title='bbox 920 995 1037 1046; x_wconf 87' lang='lat' dir='ltr'>alicuius.</span> <span class='ocrx_word' id='word_1_53' title='bbox 1057 995 1145 1062; x_wconf 88' lang='lat' dir='ltr'>etqui</span> <span class='ocrx_word' id='word_1_54' title='bbox 1165 995 1345 1046; x_wconf 78' lang='lat' dir='ltr'>contrafecerit</span> <span class='ocrx_word' id='word_1_55' title='bbox 1362 995 1448 1046; x_wconf 88' lang='lat' dir='ltr'>soluat</span> 
     </span>
     <span class='ocr_line' id='line_1_7' title="bbox 285 1081 1448 1153; baseline -0.001 -20"><span class='ocrx_word' id='word_1_56' title='bbox 285 1101 331 1152; x_wconf 86' lang='lat' dir='ltr'>pro</span> <span class='ocrx_word' id='word_1_57' title='bbox 350 1084 469 1153; x_wconf 89' lang='lat' dir='ltr'>quolibet</span> <span class='ocrx_word' id='word_1_58' title='bbox 487 1095 513 1136; x_wconf 88' lang='lat' dir='ltr'>et</span> <span class='ocrx_word' id='word_1_59' title='bbox 531 1083 647 1152; x_wconf 86' lang='lat' dir='ltr'>qualibet</span> <span class='ocrx_word' id='word_1_60' title='bbox 666 1083 729 1134; x_wconf 84' lang='lat' dir='ltr'>tice.</span> <span class='ocrx_word' id='word_1_61' title='bbox 749 1081 796 1134; x_wconf 93' lang='grc'><strong>501.</strong></span> <span class='ocrx_word' id='word_1_62' title='bbox 816 1083 911 1150; x_wconf 78' lang='lat' dir='ltr'>viginti</span> <span class='ocrx_word' id='word_1_63' title='bbox 930 1083 972 1148; x_wconf 93' lang='lat'>(1)</span> <span class='ocrx_word' id='word_1_64' title='bbox 992 1099 1032 1150; x_wconf 92' lang='lat' dir='ltr'>pp.</span> <span class='ocrx_word' id='word_1_65' title='bbox 1054 1095 1142 1150; x_wconf 83' lang='lat' dir='ltr'>postea</span> <span class='ocrx_word' id='word_1_66' title='bbox 1156 1081 1253 1133; x_wconf 83' lang='lat' dir='ltr'>reliciat</span> <span class='ocrx_word' id='word_1_67' title='bbox 1266 1083 1411 1150; x_wconf 88' lang='lat' dir='ltr'>dampnum</span> <span class='ocrx_word' id='word_1_68' title='bbox 1423 1093 1448 1132; x_wconf 90' lang='lat' dir='ltr'>et</span> 
     </span>
     <span class='ocr_line' id='line_1_8' title="bbox 285 1169 1448 1240; baseline -0.003 -17"><span class='ocrx_word' id='word_1_69' title='bbox 285 1171 405 1224; x_wconf 82' lang='lat' dir='ltr'>consules</span> <span class='ocrx_word' id='word_1_70' title='bbox 424 1181 562 1224; x_wconf 87' lang='lat' dir='ltr'>teneantur</span> <span class='ocrx_word' id='word_1_71' title='bbox 580 1170 722 1240; x_wconf 85' lang='lat' dir='ltr'>inquirere.</span> <span class='ocrx_word' id='word_1_72' title='bbox 737 1183 762 1222; x_wconf 92' lang='grc'>01</span> <span class='ocrx_word' id='word_1_73' title='bbox 775 1181 864 1222; x_wconf 89' lang='lat' dir='ltr'>tenere</span> <span class='ocrx_word' id='word_1_74' title='bbox 877 1182 1051 1222; x_wconf 85' lang='lat' dir='ltr'>accussatores</span> <span class='ocrx_word' id='word_1_75' title='bbox 1064 1181 1089 1221; x_wconf 86' lang='lat' dir='ltr'>et</span> <span class='ocrx_word' id='word_1_76' title='bbox 1106 1169 1306 1222; x_wconf 88' lang='lat' dir='ltr'>denunciatores</span> <span class='ocrx_word' id='word_1_77' title='bbox 1325 1171 1448 1238; x_wconf 82' lang='lat' dir='ltr'>priuatos.</span> 
     </span>
    </p>
   </div>
   <div class='ocr_carea' id='block_1_3' title="bbox 285 1325 1450 1748">
    <p class='ocr_par' dir='ltr' id='par_1_3' title="bbox 285 1325 1450 1748">
     <span class='ocr_line' id='line_1_9' title="bbox 321 1325 1450 1398; baseline -0.004 -18"><span class='ocrx_word' id='word_1_78' title='bbox 321 1343 379 1398; x_wconf 84' lang='lat'>273.</span> <span class='ocrx_word' id='word_1_79' title='bbox 399 1328 465 1380; x_wconf 83' lang='lat' dir='ltr'>ltcrn</span> <span class='ocrx_word' id='word_1_80' title='bbox 484 1339 611 1380; x_wconf 77' lang='lat' dir='ltr'>suatutum</span> <span class='ocrx_word' id='word_1_81' title='bbox 630 1340 668 1380; x_wconf 85' lang='grc'>051</span> <span class='ocrx_word' id='word_1_82' title='bbox 686 1327 758 1397; x_wconf 88' lang='lat' dir='ltr'>quod</span> <span class='ocrx_word' id='word_1_83' title='bbox 778 1327 902 1380; x_wconf 87' lang='lat' dir='ltr'>comunia</span> <span class='ocrx_word' id='word_1_84' title='bbox 922 1328 954 1380; x_wconf 91' lang='lat' dir='ltr'>de</span> <span class='ocrx_word' id='word_1_85' title='bbox 973 1327 1042 1380; x_wconf 89' lang='lat' dir='ltr'>ualle</span> <span class='ocrx_word' id='word_1_86' title='bbox 1061 1326 1158 1378; x_wconf 89' lang='lat' dir='ltr'>belloni</span> <span class='ocrx_word' id='word_1_87' title='bbox 1179 1339 1204 1378; x_wconf 90' lang='lat' dir='ltr'>et</span> <span class='ocrx_word' id='word_1_88' title='bbox 1233 1327 1266 1378; x_wconf 89' lang='lat' dir='ltr'>de</span> <span class='ocrx_word' id='word_1_89' title='bbox 1285 1325 1404 1376; x_wconf 80' lang='lat' dir='ltr'>valiaella</span> <span class='ocrx_word' id='word_1_90' title='bbox 1424 1336 1450 1377; x_wconf 88' lang='lat' dir='ltr'>et</span> 
     </span>
     <span class='ocr_line' id='line_1_10' title="bbox 285 1413 1448 1486; baseline -0.005 -17"><span class='ocrx_word' id='word_1_91' title='bbox 285 1417 318 1470; x_wconf 93' lang='lat' dir='ltr'>de</span> <span class='ocrx_word' id='word_1_92' title='bbox 336 1417 450 1486; x_wconf 85' lang='lat' dir='ltr'>pendina</span> <span class='ocrx_word' id='word_1_93' title='bbox 470 1415 555 1484; x_wconf 88' lang='lat' dir='ltr'>placij.</span> <span class='ocrx_word' id='word_1_94' title='bbox 575 1415 685 1467; x_wconf 83' lang='lat' dir='ltr'>Verssus</span> <span class='ocrx_word' id='word_1_95' title='bbox 704 1415 841 1468; x_wconf 90' lang='lat' dir='ltr'>bellonum</span> <span class='ocrx_word' id='word_1_96' title='bbox 861 1432 913 1484; x_wconf 88' lang='lat' dir='ltr'>que</span> <span class='ocrx_word' id='word_1_97' title='bbox 932 1413 1037 1467; x_wconf 87' lang='lat' dir='ltr'>suemnt</span> <span class='ocrx_word' id='word_1_98' title='bbox 1055 1415 1172 1480; x_wconf 75' lang='lat' dir='ltr'>asignato</span> <span class='ocrx_word' id='word_1_99' title='bbox 1192 1414 1318 1465; x_wconf 87' lang='lat' dir='ltr'>comunia</span> <span class='ocrx_word' id='word_1_100' title='bbox 1338 1430 1383 1481; x_wconf 87' lang='lat' dir='ltr'>per</span> <span class='ocrx_word' id='word_1_101' title='bbox 1401 1429 1448 1464; x_wconf 90' lang='lat' dir='ltr'>co-</span> 
     </span>
     <span class='ocr_line' id='line_1_11' title="bbox 287 1499 1450 1572; baseline -0.005 -16"><span class='ocrx_word' id='word_1_102' title='bbox 287 1521 368 1556; x_wconf 88' lang='lat' dir='ltr'>mune</span> <span class='ocrx_word' id='word_1_103' title='bbox 387 1503 491 1572; x_wconf 87' lang='lat' dir='ltr'>bugelle</span> <span class='ocrx_word' id='word_1_104' title='bbox 510 1504 621 1556; x_wconf 81' lang='lat' dir='ltr'>debeant</span> <span class='ocrx_word' id='word_1_105' title='bbox 640 1515 707 1554; x_wconf 82' lang='lat' dir='ltr'>stare</span> <span class='ocrx_word' id='word_1_106' title='bbox 727 1515 752 1554; x_wconf 87' lang='grc'>01</span> <span class='ocrx_word' id='word_1_107' title='bbox 771 1521 923 1572; x_wconf 70' lang='lat' dir='ltr'>peturanum</span> <span class='ocrx_word' id='word_1_108' title='bbox 942 1515 1029 1570; x_wconf 83' lang='lat' dir='ltr'>aperta</span> <span class='ocrx_word' id='word_1_109' title='bbox 1048 1502 1122 1553; x_wconf 91' lang='lat' dir='ltr'>omni</span> <span class='ocrx_word' id='word_1_110' title='bbox 1151 1513 1270 1568; x_wconf 85' lang='lat' dir='ltr'>tempore</span> <span class='ocrx_word' id='word_1_111' title='bbox 1298 1513 1324 1552; x_wconf 87' lang='lat' dir='ltr'>et</span> <span class='ocrx_word' id='word_1_112' title='bbox 1343 1499 1386 1551; x_wconf 92' lang='grc'><strong>1110</strong></span> <span class='ocrx_word' id='word_1_113' title='bbox 1405 1499 1450 1568; x_wconf 90' lang='grc'>001</span> 
     </span>
     <span class='ocr_line' id='line_1_12' title="bbox 286 1587 1449 1657; baseline -0.005 -14"><span class='ocrx_word' id='word_1_114' title='bbox 286 1608 316 1644; x_wconf 85' lang='lat' dir='ltr'>ea</span> <span class='ocrx_word' id='word_1_115' title='bbox 335 1590 468 1643; x_wconf 77' lang='lat' dir='ltr'>clauderet</span> <span class='ocrx_word' id='word_1_116' title='bbox 487 1591 528 1642; x_wconf 90' lang='lat' dir='ltr'>uel</span> <span class='ocrx_word' id='word_1_117' title='bbox 548 1590 633 1642; x_wconf 89' lang='lat' dir='ltr'>claudi</span> <span class='ocrx_word' id='word_1_118' title='bbox 654 1589 749 1642; x_wconf 88' lang='lat' dir='ltr'>laceret</span> <span class='ocrx_word' id='word_1_119' title='bbox 767 1591 853 1642; x_wconf 84' lang='lat' dir='ltr'>soluat</span> <span class='ocrx_word' id='word_1_120' title='bbox 881 1591 1007 1642; x_wconf 88' lang='lat' dir='ltr'>bannum.</span> <span class='ocrx_word' id='word_1_121' title='bbox 1026 1588 1074 1640; x_wconf 91' lang='grc'><strong>501.</strong></span> <span class='ocrx_word' id='word_1_122' title='bbox 1103 1589 1160 1640; x_wconf 91' lang='lat' dir='ltr'>XX.</span> <span class='ocrx_word' id='word_1_123' title='bbox 1180 1605 1222 1657; x_wconf 93' lang='lat' dir='ltr'>pp.</span> <span class='ocrx_word' id='word_1_124' title='bbox 1241 1600 1267 1640; x_wconf 87' lang='lat' dir='ltr'>et</span> <span class='ocrx_word' id='word_1_125' title='bbox 1286 1587 1449 1656; x_wconf 73' lang='grc'><strong>0051001115-</strong></span> 
     </span>
     <span class='ocr_line' id='line_1_13' title="bbox 287 1676 974 1748; baseline -0.001 -19"><span class='ocrx_word' id='word_1_126' title='bbox 287 1676 391 1730; x_wconf 87' lang='lat' dir='ltr'>claudat</span> <span class='ocrx_word' id='word_1_127' title='bbox 410 1677 437 1729; x_wconf 91' lang='lat' dir='ltr'>id</span> <span class='ocrx_word' id='word_1_128' title='bbox 456 1678 526 1748; x_wconf 92' lang='lat' dir='ltr'>quod</span> <span class='ocrx_word' id='word_1_129' title='bbox 547 1694 578 1730; x_wconf 83' lang='lat' dir='ltr'>ex</span> <span class='ocrx_word' id='word_1_130' title='bbox 597 1677 649 1746; x_wconf 86' lang='lat' dir='ltr'>hijs</span> <span class='ocrx_word' id='word_1_131' title='bbox 668 1678 828 1730; x_wconf 83' lang='lat' dir='ltr'>comunibus</span> <span class='ocrx_word' id='word_1_132' title='bbox 846 1677 974 1729; x_wconf 78' lang='lat' dir='ltr'>clauserit</span> 
     </span>
    </p>
   </div>
   <div class='ocr_carea' id='block_1_4' title="bbox 289 1830 1453 2076">
    <p class='ocr_par' dir='ltr' id='par_1_4' title="bbox 289 1830 1453 2076">
     <span class='ocr_line' id='line_1_14' title="bbox 324 1830 1453 1904; baseline -0.004 -18"><span class='ocrx_word' id='word_1_133' title='bbox 324 1849 383 1902; x_wconf 67' lang='lat'>274.</span> <span class='ocrx_word' id='word_1_134' title='bbox 403 1833 469 1886; x_wconf 90' lang='lat' dir='ltr'>ltem</span> <span class='ocrx_word' id='word_1_135' title='bbox 488 1847 615 1888; x_wconf 86' lang='lat' dir='ltr'>statutum</span> <span class='ocrx_word' id='word_1_136' title='bbox 637 1847 675 1886; x_wconf 83' lang='grc'>051</span> <span class='ocrx_word' id='word_1_137' title='bbox 694 1835 766 1904; x_wconf 94' lang='lat' dir='ltr'>quod</span> <span class='ocrx_word' id='word_1_138' title='bbox 784 1833 829 1902; x_wconf 93' lang='lat' dir='ltr'>qui</span> <span class='ocrx_word' id='word_1_139' title='bbox 851 1834 982 1886; x_wconf 85' lang='lat' dir='ltr'>strinxerit</span> <span class='ocrx_word' id='word_1_140' title='bbox 1001 1834 1044 1886; x_wconf 92' lang='lat' dir='ltr'>uel</span> <span class='ocrx_word' id='word_1_141' title='bbox 1063 1833 1184 1884; x_wconf 82' lang='lat' dir='ltr'>clauserit</span> <span class='ocrx_word' id='word_1_142' title='bbox 1197 1832 1313 1902; x_wconf 85' lang='lat' dir='ltr'>aliquam</span> <span class='ocrx_word' id='word_1_143' title='bbox 1327 1833 1395 1883; x_wconf 83' lang='lat' dir='ltr'>tiam</span> <span class='ocrx_word' id='word_1_144' title='bbox 1410 1830 1453 1883; x_wconf 89' lang='lat' dir='ltr'>uel</span> 
     </span>
     <span class='ocr_line' id='line_1_15' title="bbox 289 1919 1452 1990; baseline -0.002 -18"><span class='ocrx_word' id='word_1_145' title='bbox 289 1919 421 1990; x_wconf 82' lang='lat' dir='ltr'>platheam</span> <span class='ocrx_word' id='word_1_146' title='bbox 441 1920 482 1972; x_wconf 90' lang='lat' dir='ltr'>uel</span> <span class='ocrx_word' id='word_1_147' title='bbox 502 1921 609 1989; x_wconf 87' lang='lat' dir='ltr'>aliquod</span> <span class='ocrx_word' id='word_1_148' title='bbox 628 1937 751 1973; x_wconf 89' lang='lat' dir='ltr'>comune.</span> <span class='ocrx_word' id='word_1_149' title='bbox 771 1920 857 1972; x_wconf 87' lang='lat' dir='ltr'>soluat</span> <span class='ocrx_word' id='word_1_150' title='bbox 886 1922 1013 1973; x_wconf 87' lang='lat' dir='ltr'>bannum.</span> <span class='ocrx_word' id='word_1_151' title='bbox 1032 1919 1080 1972; x_wconf 89' lang='grc'><strong>501.</strong></span> <span class='ocrx_word' id='word_1_152' title='bbox 1100 1920 1157 1972; x_wconf 87' lang='lat' dir='ltr'>XX.</span> <span class='ocrx_word' id='word_1_153' title='bbox 1177 1936 1218 1989; x_wconf 93' lang='lat' dir='ltr'>pp.</span> <span class='ocrx_word' id='word_1_154' title='bbox 1238 1931 1264 1971; x_wconf 89' lang='lat' dir='ltr'>et</span> <span class='ocrx_word' id='word_1_155' title='bbox 1286 1931 1375 1988; x_wconf 88' lang='lat' dir='ltr'>postea</span> <span class='ocrx_word' id='word_1_156' title='bbox 1394 1937 1452 1970; x_wconf 87' lang='lat' dir='ltr'>eam</span> 
     </span>
     <span class='ocr_line' id='line_1_16' title="bbox 290 2007 585 2076; baseline 0 -18"><span class='ocrx_word' id='word_1_157' title='bbox 290 2007 372 2076; x_wconf 83' lang='lat' dir='ltr'>largct</span> <span class='ocrx_word' id='word_1_158' title='bbox 391 2019 416 2060; x_wconf 87' lang='lat' dir='ltr'>et</span> <span class='ocrx_word' id='word_1_159' title='bbox 434 2008 585 2060; x_wconf 87' lang='lat' dir='ltr'>disclaudat.</span> 
     </span>
    </p>
   </div>
   <div class='ocr_carea' id='block_1_5' title="bbox 291 2146 1453 2304">
    <p class='ocr_par' dir='ltr' id='par_1_5' title="bbox 291 2146 1453 2304">
     <span class='ocr_line' id='line_1_17' title="bbox 327 2146 1453 2218; baseline 0 -18"><span class='ocrx_word' id='word_1_160' title='bbox 327 2162 385 2218; x_wconf 86' lang='lat'>275.</span> <span class='ocrx_word' id='word_1_161' title='bbox 404 2148 471 2201; x_wconf 88' lang='lat' dir='ltr'>Item</span> <span class='ocrx_word' id='word_1_162' title='bbox 489 2159 616 2200; x_wconf 80' lang='lat' dir='ltr'>statutum</span> <span class='ocrx_word' id='word_1_163' title='bbox 635 2159 673 2200; x_wconf 86' lang='lat' dir='ltr'>est</span> <span class='ocrx_word' id='word_1_164' title='bbox 691 2147 763 2217; x_wconf 90' lang='lat' dir='ltr'>quod</span> <span class='ocrx_word' id='word_1_165' title='bbox 781 2148 826 2217; x_wconf 89' lang='lat' dir='ltr'>qui</span> <span class='ocrx_word' id='word_1_166' title='bbox 846 2165 901 2200; x_wconf 89' lang='lat' dir='ltr'>non</span> <span class='ocrx_word' id='word_1_167' title='bbox 915 2147 995 2200; x_wconf 88' lang='lat' dir='ltr'>luerit</span> <span class='ocrx_word' id='word_1_168' title='bbox 1007 2147 1050 2200; x_wconf 88' lang='lat' dir='ltr'>uel</span> <span class='ocrx_word' id='word_1_169' title='bbox 1063 2146 1237 2199; x_wconf 83' lang='lat' dir='ltr'>sufficientem</span> <span class='ocrx_word' id='word_1_170' title='bbox 1250 2147 1378 2200; x_wconf 89' lang='lat' dir='ltr'>nuncium</span> <span class='ocrx_word' id='word_1_171' title='bbox 1398 2164 1453 2200; x_wconf 93' lang='lat' dir='ltr'>non</span> 
     </span>
     <span class='ocr_line' id='line_1_18' title="bbox 291 2235 1381 2304; baseline -0.002 -16"><span class='ocrx_word' id='word_1_172' title='bbox 291 2236 403 2289; x_wconf 83' lang='grc'><strong>1111550111</strong></span> <span class='ocrx_word' id='word_1_173' title='bbox 421 2236 453 2288; x_wconf 87' lang='lat' dir='ltr'>ad</span> <span class='ocrx_word' id='word_1_174' title='bbox 472 2235 589 2288; x_wconf 78' lang='lat' dir='ltr'>altendcs</span> <span class='ocrx_word' id='word_1_175' title='bbox 607 2235 662 2287; x_wconf 83' lang='lat' dir='ltr'>vias</span> <span class='ocrx_word' id='word_1_176' title='bbox 680 2236 786 2304; x_wconf 84' lang='lat' dir='ltr'>quando</span> <span class='ocrx_word' id='word_1_177' title='bbox 805 2236 961 2304; x_wconf 87' lang='lat' dir='ltr'>precipietur</span> <span class='ocrx_word' id='word_1_178' title='bbox 978 2235 1064 2286; x_wconf 80' lang='lat' dir='ltr'>soluat</span> <span class='ocrx_word' id='word_1_179' title='bbox 1082 2236 1200 2287; x_wconf 83' lang='lat' dir='ltr'>bannum</span> <span class='ocrx_word' id='word_1_180' title='bbox 1219 2235 1268 2286; x_wconf 87' lang='lat' dir='ltr'>sol.</span> <span class='ocrx_word' id='word_1_181' title='bbox 1287 2235 1319 2286; x_wconf 89' lang='grc'>11.</span> <span class='ocrx_word' id='word_1_182' title='bbox 1339 2251 1381 2303; x_wconf 92' lang='lat' dir='ltr'>pp.</span> 
     </span>
    </p>
   </div>
   <div class='ocr_carea' id='block_1_6' title="bbox 293 2373 1456 2602">
    <p class='ocr_par' dir='ltr' id='par_1_6' title="bbox 293 2373 1456 2602">
     <span class='ocr_line' id='line_1_19' title="bbox 328 2373 1454 2444; baseline -0.002 -17"><span class='ocrx_word' id='word_1_183' title='bbox 328 2373 386 2442; x_wconf 88' lang='lat'>276.</span> <span class='ocrx_word' id='word_1_184' title='bbox 406 2374 472 2428; x_wconf 88' lang='lat' dir='ltr'>item</span> <span class='ocrx_word' id='word_1_185' title='bbox 491 2385 618 2428; x_wconf 77' lang='lat' dir='ltr'>statutum</span> <span class='ocrx_word' id='word_1_186' title='bbox 636 2387 675 2426; x_wconf 85' lang='lat' dir='ltr'>est</span> <span class='ocrx_word' id='word_1_187' title='bbox 693 2375 765 2443; x_wconf 91' lang='lat' dir='ltr'>quod</span> <span class='ocrx_word' id='word_1_188' title='bbox 784 2375 829 2444; x_wconf 93' lang='lat' dir='ltr'>qui</span> <span class='ocrx_word' id='word_1_189' title='bbox 849 2386 971 2442; x_wconf 87' lang='lat' dir='ltr'>roopctet</span> <span class='ocrx_word' id='word_1_190' title='bbox 988 2373 1104 2443; x_wconf 78' lang='lat' dir='ltr'>aliquam</span> <span class='ocrx_word' id='word_1_191' title='bbox 1124 2375 1195 2426; x_wconf 82' lang='lat' dir='ltr'>viam</span> <span class='ocrx_word' id='word_1_192' title='bbox 1213 2385 1318 2443; x_wconf 88' lang='lat' dir='ltr'>propter</span> <span class='ocrx_word' id='word_1_193' title='bbox 1344 2373 1454 2426; x_wconf 81' lang='lat' dir='ltr'>suln&#39;am</span> 
     </span>
     <span class='ocr_line' id='line_1_20' title="bbox 293 2461 1456 2531; baseline -0.001 -17"><span class='ocrx_word' id='word_1_194' title='bbox 293 2461 335 2514; x_wconf 87' lang='lat' dir='ltr'>uel</span> <span class='ocrx_word' id='word_1_195' title='bbox 354 2473 458 2531; x_wconf 85' lang='lat' dir='ltr'>propter</span> <span class='ocrx_word' id='word_1_196' title='bbox 475 2462 604 2514; x_wconf 76' lang='lat' dir='ltr'>scrinetm</span> <span class='ocrx_word' id='word_1_197' title='bbox 624 2461 666 2514; x_wconf 88' lang='lat' dir='ltr'>uel</span> <span class='ocrx_word' id='word_1_198' title='bbox 685 2461 778 2530; x_wconf 86' lang='lat' dir='ltr'>aliqua</span> <span class='ocrx_word' id='word_1_199' title='bbox 796 2462 847 2514; x_wconf 82' lang='lat' dir='ltr'>ulia</span> <span class='ocrx_word' id='word_1_200' title='bbox 866 2463 1009 2514; x_wconf 77' lang='lat' dir='ltr'>occarione</span> <span class='ocrx_word' id='word_1_201' title='bbox 1027 2461 1113 2514; x_wconf 82' lang='lat' dir='ltr'>soluat</span> <span class='ocrx_word' id='word_1_202' title='bbox 1132 2461 1250 2514; x_wconf 86' lang='lat' dir='ltr'>bannum</span> <span class='ocrx_word' id='word_1_203' title='bbox 1268 2461 1316 2514; x_wconf 87' lang='lat' dir='ltr'>sol.</span> <span class='ocrx_word' id='word_1_204' title='bbox 1335 2461 1394 2513; x_wconf 87' lang='lat' dir='ltr'>XX.</span> <span class='ocrx_word' id='word_1_205' title='bbox 1413 2461 1456 2528; x_wconf 91' lang='lat'>()</span> 
     </span>
     <span class='ocr_line' id='line_1_21' title="bbox 293 2547 520 2602; baseline 0 -2"><span class='ocrx_word' id='word_1_206' title='bbox 293 2561 319 2600; x_wconf 88' lang='lat' dir='ltr'>et</span> <span class='ocrx_word' id='word_1_207' title='bbox 337 2547 435 2602; x_wconf 82' lang='lat' dir='ltr'>reficiat</span> <span class='ocrx_word' id='word_1_208' title='bbox 452 2565 520 2602; x_wconf 77' lang='lat' dir='ltr'>cam.</span> 
     </span>
    </p>
   </div>
   <div class='ocr_carea' id='block_1_7' title="bbox 294 2704 1457 3194">
    <p class='ocr_par' dir='ltr' id='par_1_7' title="bbox 294 2704 1457 3194">
     <span class='ocr_line' id='line_1_22' title="bbox 330 2704 1457 2776; baseline -0.002 -19"><span class='ocrx_word' id='word_1_209' title='bbox 330 2719 389 2772; x_wconf 88' lang='lat'>277.</span> <span class='ocrx_word' id='word_1_210' title='bbox 409 2704 476 2759; x_wconf 88' lang='lat' dir='ltr'>Item</span> <span class='ocrx_word' id='word_1_211' title='bbox 494 2718 620 2758; x_wconf 80' lang='lat' dir='ltr'>statutum</span> <span class='ocrx_word' id='word_1_212' title='bbox 640 2718 679 2758; x_wconf 87' lang='lat' dir='ltr'>cst</span> <span class='ocrx_word' id='word_1_213' title='bbox 705 2707 777 2776; x_wconf 94' lang='lat' dir='ltr'>quod</span> <span class='ocrx_word' id='word_1_214' title='bbox 808 2704 897 2758; x_wconf 89' lang='lat' dir='ltr'>nullus</span> <span class='ocrx_word' id='word_1_215' title='bbox 915 2706 1008 2758; x_wconf 85' lang='lat' dir='ltr'>debeat</span> <span class='ocrx_word' id='word_1_216' title='bbox 1035 2715 1124 2757; x_wconf 86' lang='lat' dir='ltr'>tenere</span> <span class='ocrx_word' id='word_1_217' title='bbox 1153 2721 1202 2757; x_wconf 82' lang='lat' dir='ltr'>nec</span> <span class='ocrx_word' id='word_1_218' title='bbox 1221 2705 1334 2756; x_wconf 88' lang='lat' dir='ltr'>alleuare</span> <span class='ocrx_word' id='word_1_219' title='bbox 1352 2706 1457 2756; x_wconf 87' lang='lat' dir='ltr'>arbores</span> 
     </span>
     <span class='ocr_line' id='line_1_23' title="bbox 294 2791 1457 2861; baseline -0.002 -17"><span class='ocrx_word' id='word_1_220' title='bbox 294 2807 371 2860; x_wconf 82' lang='lat' dir='ltr'>super</span> <span class='ocrx_word' id='word_1_221' title='bbox 389 2791 516 2844; x_wconf 79' lang='lat' dir='ltr'>fossatum</span> <span class='ocrx_word' id='word_1_222' title='bbox 535 2805 607 2844; x_wconf 80' lang='lat' dir='ltr'>extra</span> <span class='ocrx_word' id='word_1_223' title='bbox 626 2793 812 2861; x_wconf 84' lang='lat' dir='ltr'>palencltatum</span> <span class='ocrx_word' id='word_1_224' title='bbox 831 2792 902 2860; x_wconf 87' lang='lat' dir='ltr'>plani</span> <span class='ocrx_word' id='word_1_225' title='bbox 921 2807 969 2844; x_wconf 90' lang='lat' dir='ltr'>nec</span> <span class='ocrx_word' id='word_1_226' title='bbox 997 2791 1103 2860; x_wconf 89' lang='lat' dir='ltr'>aliquod</span> <span class='ocrx_word' id='word_1_227' title='bbox 1131 2791 1202 2844; x_wconf 83' lang='lat' dir='ltr'>aliud</span> <span class='ocrx_word' id='word_1_228' title='bbox 1230 2791 1378 2842; x_wconf 82' lang='lat' dir='ltr'>alleuamen</span> <span class='ocrx_word' id='word_1_229' title='bbox 1409 2807 1457 2842; x_wconf 91' lang='lat' dir='ltr'>nec</span> 
     </span>
     <span class='ocr_line' id='line_1_24' title="bbox 295 2877 1457 2948; baseline -0.002 -18"><span class='ocrx_word' id='word_1_230' title='bbox 295 2877 393 2946; x_wconf 88' lang='lat' dir='ltr'>aliquid</span> <span class='ocrx_word' id='word_1_231' title='bbox 412 2878 447 2931; x_wconf 88' lang='lat' dir='ltr'>ibi</span> <span class='ocrx_word' id='word_1_232' title='bbox 467 2892 566 2932; x_wconf 74' lang='grc'><strong>11051010</strong></span> <span class='ocrx_word' id='word_1_233' title='bbox 584 2895 632 2932; x_wconf 88' lang='lat' dir='ltr'>nec</span> <span class='ocrx_word' id='word_1_234' title='bbox 650 2879 781 2932; x_wconf 85' lang='lat' dir='ltr'>seminare</span> <span class='ocrx_word' id='word_1_235' title='bbox 799 2891 825 2931; x_wconf 92' lang='lat' dir='ltr'>et</span> <span class='ocrx_word' id='word_1_236' title='bbox 844 2880 889 2948; x_wconf 92' lang='lat' dir='ltr'>qui</span> <span class='ocrx_word' id='word_1_237' title='bbox 908 2877 1089 2931; x_wconf 79' lang='lat' dir='ltr'>contrafecerit</span> <span class='ocrx_word' id='word_1_238' title='bbox 1101 2878 1186 2930; x_wconf 84' lang='lat' dir='ltr'>soluat</span> <span class='ocrx_word' id='word_1_239' title='bbox 1200 2879 1325 2930; x_wconf 91' lang='lat' dir='ltr'>bannum.</span> <span class='ocrx_word' id='word_1_240' title='bbox 1339 2877 1386 2928; x_wconf 89' lang='grc'><strong>501.</strong></span> <span class='ocrx_word' id='word_1_241' title='bbox 1399 2877 1457 2928; x_wconf 88' lang='lat' dir='ltr'>XX.</span> 
     </span>
     <span class='ocr_line' id='line_1_25' title="bbox 295 2965 1457 3034; baseline -0.002 -18"><span class='ocrx_word' id='word_1_242' title='bbox 295 2977 320 3016; x_wconf 89' lang='grc'>01</span> <span class='ocrx_word' id='word_1_243' title='bbox 339 2965 383 3016; x_wconf 87' lang='lat' dir='ltr'>ille</span> <span class='ocrx_word' id='word_1_244' title='bbox 402 2981 454 3034; x_wconf 90' lang='lat' dir='ltr'>que</span> <span class='ocrx_word' id='word_1_245' title='bbox 467 2967 548 3018; x_wconf 90' lang='lat' dir='ltr'>modo</span> <span class='ocrx_word' id='word_1_246' title='bbox 562 2966 597 3018; x_wconf 93' lang='lat' dir='ltr'>ibi</span> <span class='ocrx_word' id='word_1_247' title='bbox 611 2978 673 3018; x_wconf 90' lang='lat' dir='ltr'>sunt</span> <span class='ocrx_word' id='word_1_248' title='bbox 685 2967 833 3018; x_wconf 86' lang='lat' dir='ltr'>incidantur</span> <span class='ocrx_word' id='word_1_249' title='bbox 852 2983 934 3034; x_wconf 90' lang='lat' dir='ltr'>usque</span> <span class='ocrx_word' id='word_1_250' title='bbox 953 2981 1036 3033; x_wconf 87' lang='lat' dir='ltr'>pasca.</span> <span class='ocrx_word' id='word_1_251' title='bbox 1050 2977 1076 3016; x_wconf 88' lang='lat' dir='ltr'>et</span> <span class='ocrx_word' id='word_1_252' title='bbox 1094 2966 1216 3032; x_wconf 82' lang='lat' dir='ltr'>camparij</span> <span class='ocrx_word' id='word_1_253' title='bbox 1231 2977 1369 3016; x_wconf 86' lang='lat' dir='ltr'>teneantur</span> <span class='ocrx_word' id='word_1_254' title='bbox 1382 2965 1457 3016; x_wconf 92' lang='lat' dir='ltr'>omni</span> 
     </span>
     <span class='ocr_line' id='line_1_26' title="bbox 296 3051 1449 3120; baseline -0.001 -17"><span class='ocrx_word' id='word_1_255' title='bbox 296 3067 399 3104; x_wconf 88' lang='lat' dir='ltr'>measse</span> <span class='ocrx_word' id='word_1_256' title='bbox 417 3052 549 3120; x_wconf 88' lang='lat' dir='ltr'>inquirere</span> <span class='ocrx_word' id='word_1_257' title='bbox 567 3053 658 3104; x_wconf 88' lang='lat' dir='ltr'>omnia</span> <span class='ocrx_word' id='word_1_258' title='bbox 677 3051 779 3104; x_wconf 81' lang='lat' dir='ltr'>fossata.</span> <span class='ocrx_word' id='word_1_259' title='bbox 799 3065 824 3104; x_wconf 98' lang='grc'>01</span> <span class='ocrx_word' id='word_1_260' title='bbox 843 3054 863 3104; x_wconf 87' lang='grc'>51</span> <span class='ocrx_word' id='word_1_261' title='bbox 883 3052 946 3120; x_wconf 85' lang='lat' dir='ltr'>quid</span> <span class='ocrx_word' id='word_1_262' title='bbox 965 3053 1097 3103; x_wconf 85' lang='lat' dir='ltr'>inuenerit</span> <span class='ocrx_word' id='word_1_263' title='bbox 1115 3053 1149 3102; x_wconf 92' lang='lat' dir='ltr'>ibi</span> <span class='ocrx_word' id='word_1_264' title='bbox 1171 3051 1267 3103; x_wconf 83' lang='lat' dir='ltr'>lactum</span> <span class='ocrx_word' id='word_1_265' title='bbox 1296 3065 1385 3103; x_wconf 87' lang='lat' dir='ltr'>contra</span> <span class='ocrx_word' id='word_1_266' title='bbox 1406 3069 1449 3118; x_wconf 88' lang='lat' dir='ltr'>pre</span> 
     </span>
     <span class='ocr_line' id='line_1_27' title="bbox 296 3139 654 3194; baseline -0.003 -2"><span class='ocrx_word' id='word_1_267' title='bbox 296 3141 364 3193; x_wconf 82' lang='lat' dir='ltr'>dicta</span> <span class='ocrx_word' id='word_1_268' title='bbox 382 3139 495 3194; x_wconf 74' lang='lat' dir='ltr'>debeant</span> <span class='ocrx_word' id='word_1_269' title='bbox 512 3155 654 3192; x_wconf 83' lang='lat' dir='ltr'>accussare.</span> 
     </span>
    </p>
   </div>
   <div class='ocr_carea' id='block_1_8' title="bbox 297 3277 1473 3696">
    <p class='ocr_par' dir='ltr' id='par_1_8' title="bbox 297 3277 1473 3696">
     <span class='ocr_line' id='line_1_28' title="bbox 333 3277 1458 3348; baseline 0 -18"><span class='ocrx_word' id='word_1_270' title='bbox 333 3279 392 3346; x_wconf 87' lang='lat'>278.</span> <span class='ocrx_word' id='word_1_271' title='bbox 411 3278 477 3331; x_wconf 84' lang='grc'><strong>11001</strong></span> <span class='ocrx_word' id='word_1_272' title='bbox 497 3291 623 3332; x_wconf 85' lang='lat' dir='ltr'>statutum</span> <span class='ocrx_word' id='word_1_273' title='bbox 642 3291 680 3330; x_wconf 88' lang='lat' dir='ltr'>est</span> <span class='ocrx_word' id='word_1_274' title='bbox 699 3279 770 3348; x_wconf 92' lang='lat' dir='ltr'>quod</span> <span class='ocrx_word' id='word_1_275' title='bbox 789 3277 877 3348; x_wconf 86' lang='lat' dir='ltr'>aliqua</span> <span class='ocrx_word' id='word_1_276' title='bbox 905 3295 1015 3347; x_wconf 87' lang='lat' dir='ltr'>persona</span> <span class='ocrx_word' id='word_1_277' title='bbox 1042 3295 1097 3330; x_wconf 92' lang='grc'>000</span> <span class='ocrx_word' id='word_1_278' title='bbox 1116 3279 1208 3330; x_wconf 82' lang='lat' dir='ltr'>debeat</span> <span class='ocrx_word' id='word_1_279' title='bbox 1237 3289 1324 3330; x_wconf 82' lang='lat' dir='ltr'>tenere</span> <span class='ocrx_word' id='word_1_280' title='bbox 1343 3278 1458 3346; x_wconf 82' lang='lat' dir='ltr'>aliquant</span> 
     </span>
     <span class='ocr_line' id='line_1_29' title="bbox 298 3365 1473 3435; baseline -0.001 -19"><span class='ocrx_word' id='word_1_281' title='bbox 298 3366 397 3418; x_wconf 85' lang='lat' dir='ltr'>molam</span> <span class='ocrx_word' id='word_1_282' title='bbox 417 3382 465 3418; x_wconf 88' lang='lat' dir='ltr'>uec</span> <span class='ocrx_word' id='word_1_283' title='bbox 485 3365 614 3434; x_wconf 90' lang='lat' dir='ltr'>porcilum</span> <span class='ocrx_word' id='word_1_284' title='bbox 643 3365 749 3434; x_wconf 90' lang='lat' dir='ltr'>aliquod</span> <span class='ocrx_word' id='word_1_285' title='bbox 769 3366 796 3418; x_wconf 89' lang='lat' dir='ltr'>in</span> <span class='ocrx_word' id='word_1_286' title='bbox 817 3366 927 3435; x_wconf 84' lang='lat' dir='ltr'>platlteis</span> <span class='ocrx_word' id='word_1_287' title='bbox 955 3365 1049 3417; x_wconf 91' lang='lat' dir='ltr'>necin</span> <span class='ocrx_word' id='word_1_288' title='bbox 1069 3365 1228 3432; x_wconf 88' lang='lat' dir='ltr'>portucubus</span> <span class='ocrx_word' id='word_1_289' title='bbox 1256 3381 1332 3432; x_wconf 87' lang='lat' dir='ltr'>super</span> <span class='ocrx_word' id='word_1_290' title='bbox 1350 3367 1473 3416; x_wconf 76' lang='lat' dir='ltr'>comuni·</span> 
     </span>
     <span class='ocr_line' id='line_1_30' title="bbox 298 3451 1459 3521; baseline -0.001 -17"><span class='ocrx_word' id='word_1_291' title='bbox 298 3452 410 3520; x_wconf 75' lang='lat' dir='ltr'>bugelle.</span> <span class='ocrx_word' id='word_1_292' title='bbox 430 3453 519 3521; x_wconf 83' lang='grc'><strong>01001</strong></span> <span class='ocrx_word' id='word_1_293' title='bbox 539 3451 720 3506; x_wconf 81' lang='lat' dir='ltr'>contrafecerit</span> <span class='ocrx_word' id='word_1_294' title='bbox 739 3453 825 3506; x_wconf 89' lang='lat' dir='ltr'>soluat</span> <span class='ocrx_word' id='word_1_295' title='bbox 844 3454 961 3505; x_wconf 87' lang='lat' dir='ltr'>bannum</span> <span class='ocrx_word' id='word_1_296' title='bbox 981 3468 1028 3520; x_wconf 94' lang='lat' dir='ltr'>pro</span> <span class='ocrx_word' id='word_1_297' title='bbox 1055 3451 1170 3520; x_wconf 85' lang='lat' dir='ltr'>qualibet</span> <span class='ocrx_word' id='word_1_298' title='bbox 1192 3453 1248 3502; x_wconf 79' lang='lat' dir='ltr'>uice</span> <span class='ocrx_word' id='word_1_299' title='bbox 1267 3452 1315 3503; x_wconf 84' lang='lat' dir='ltr'>sol.</span> <span class='ocrx_word' id='word_1_300' title='bbox 1334 3453 1459 3520; x_wconf 85' lang='lat' dir='ltr'>quinque.</span> 
     </span>
     <span class='ocr_line' id='line_1_31' title="bbox 297 3537 1460 3606; baseline -0.003 -14"><span class='ocrx_word' id='word_1_301' title='bbox 297 3539 319 3592; x_wconf 90' lang='lat' dir='ltr'>si</span> <span class='ocrx_word' id='word_1_302' title='bbox 337 3538 415 3592; x_wconf 81' lang='lat' dir='ltr'>luerit</span> <span class='ocrx_word' id='word_1_303' title='bbox 432 3551 581 3592; x_wconf 82' lang='lat' dir='ltr'>uccussutus</span> <span class='ocrx_word' id='word_1_304' title='bbox 599 3552 625 3591; x_wconf 87' lang='lat' dir='ltr'>et</span> <span class='ocrx_word' id='word_1_305' title='bbox 643 3539 765 3592; x_wconf 87' lang='lat' dir='ltr'>consules</span> <span class='ocrx_word' id='word_1_306' title='bbox 784 3549 923 3592; x_wconf 89' lang='lat' dir='ltr'>teneantur</span> <span class='ocrx_word' id='word_1_307' title='bbox 954 3537 1037 3590; x_wconf 87' lang='lat' dir='ltr'>lacere</span> <span class='ocrx_word' id='word_1_308' title='bbox 1064 3537 1158 3590; x_wconf 83' lang='lat' dir='ltr'>aulerri</span> <span class='ocrx_word' id='word_1_309' title='bbox 1179 3539 1292 3606; x_wconf 87' lang='lat' dir='ltr'>predicta</span> <span class='ocrx_word' id='word_1_310' title='bbox 1315 3539 1379 3590; x_wconf 88' lang='lat' dir='ltr'>inira</span> <span class='ocrx_word' id='word_1_311' title='bbox 1399 3551 1460 3588; x_wconf 84' lang='lat' dir='ltr'>octo</span> 
     </span>
     <span class='ocr_line' id='line_1_32' title="bbox 297 3625 1152 3696; baseline -0.004 -16"><span class='ocrx_word' id='word_1_312' title='bbox 297 3625 354 3680; x_wconf 83' lang='lat' dir='ltr'>dies</span> <span class='ocrx_word' id='word_1_313' title='bbox 372 3639 430 3695; x_wconf 88' lang='lat' dir='ltr'>post</span> <span class='ocrx_word' id='word_1_314' title='bbox 448 3643 529 3696; x_wconf 80' lang='lat' dir='ltr'>quam</span> <span class='ocrx_word' id='word_1_315' title='bbox 547 3627 585 3678; x_wconf 90' lang='lat' dir='ltr'>eis</span> <span class='ocrx_word' id='word_1_316' title='bbox 603 3625 681 3680; x_wconf 85' lang='lat' dir='ltr'>luerit</span> <span class='ocrx_word' id='word_1_317' title='bbox 698 3626 888 3680; x_wconf 87' lang='lat' dir='ltr'>denunciatum</span> <span class='ocrx_word' id='word_1_318' title='bbox 907 3626 963 3678; x_wconf 87' lang='grc'><strong>5100</strong></span> <span class='ocrx_word' id='word_1_319' title='bbox 981 3627 1089 3678; x_wconf 89' lang='lat' dir='ltr'>dictum.</span> <span class='ocrx_word' id='word_1_320' title='bbox 1109 3625 1152 3694; x_wconf 91' lang='lat'>(2)</span> 
     </span>
    </p>
   </div>
   <div class='ocr_carea' id='block_1_9' title="bbox 300 3781 1462 4028">
    <p class='ocr_par' dir='ltr' id='par_1_9' title="bbox 300 3781 1462 4028">
     <span class='ocr_line' id='line_1_33' title="bbox 336 3781 1462 3852; baseline -0.002 -16"><span class='ocrx_word' id='word_1_321' title='bbox 336 3797 395 3852; x_wconf 89' lang='lat'>279.</span> <span class='ocrx_word' id='word_1_322' title='bbox 414 3783 481 3836; x_wconf 75' lang='lat' dir='ltr'>laetu</span> <span class='ocrx_word' id='word_1_323' title='bbox 499 3795 627 3835; x_wconf 85' lang='lat' dir='ltr'>statutum</span> <span class='ocrx_word' id='word_1_324' title='bbox 639 3795 678 3836; x_wconf 77' lang='grc'>051</span> <span class='ocrx_word' id='word_1_325' title='bbox 691 3783 763 3852; x_wconf 88' lang='lat' dir='ltr'>quod</span> <span class='ocrx_word' id='word_1_326' title='bbox 776 3782 863 3852; x_wconf 82' lang='lat' dir='ltr'>aliqua</span> <span class='ocrx_word' id='word_1_327' title='bbox 876 3799 985 3851; x_wconf 79' lang='lat' dir='ltr'>persona</span> <span class='ocrx_word' id='word_1_328' title='bbox 1004 3781 1037 3834; x_wconf 90' lang='lat' dir='ltr'>de</span> <span class='ocrx_word' id='word_1_329' title='bbox 1056 3781 1160 3848; x_wconf 80' lang='lat' dir='ltr'>bugella</span> <span class='ocrx_word' id='word_1_330' title='bbox 1179 3797 1233 3833; x_wconf 90' lang='lat' dir='ltr'>non</span> <span class='ocrx_word' id='word_1_331' title='bbox 1253 3782 1345 3834; x_wconf 82' lang='lat' dir='ltr'>debeat</span> <span class='ocrx_word' id='word_1_332' title='bbox 1364 3797 1462 3850; x_wconf 90' lang='lat' dir='ltr'>ponere</span> 
     </span>
     <span class='ocr_line' id='line_1_34' title="bbox 300 3869 1461 3939; baseline -0.003 -16"><span class='ocrx_word' id='word_1_333' title='bbox 300 3869 343 3924; x_wconf 91' lang='lat' dir='ltr'>uel</span> <span class='ocrx_word' id='word_1_334' title='bbox 361 3887 462 3924; x_wconf 71' lang='lat' dir='ltr'>canuc.</span> <span class='ocrx_word' id='word_1_335' title='bbox 481 3885 530 3922; x_wconf 90' lang='lat' dir='ltr'>nec</span> <span class='ocrx_word' id='word_1_336' title='bbox 550 3869 605 3922; x_wconf 85' lang='lat' dir='ltr'>fieri</span> <span class='ocrx_word' id='word_1_337' title='bbox 624 3869 707 3924; x_wconf 86' lang='lat' dir='ltr'>iacere</span> <span class='ocrx_word' id='word_1_338' title='bbox 726 3883 821 3924; x_wconf 85' lang='lat' dir='ltr'>terram</span> <span class='ocrx_word' id='word_1_339' title='bbox 841 3887 889 3924; x_wconf 87' lang='lat' dir='ltr'>nec</span> <span class='ocrx_word' id='word_1_340' title='bbox 908 3870 1006 3939; x_wconf 88' lang='lat' dir='ltr'>lapides</span> <span class='ocrx_word' id='word_1_341' title='bbox 1025 3869 1052 3920; x_wconf 94' lang='lat' dir='ltr'>in</span> <span class='ocrx_word' id='word_1_342' title='bbox 1063 3869 1192 3937; x_wconf 83' lang='lat' dir='ltr'>aliquibus</span> <span class='ocrx_word' id='word_1_343' title='bbox 1206 3869 1332 3936; x_wconf 86' lang='lat' dir='ltr'>pubblicis</span> <span class='ocrx_word' id='word_1_344' title='bbox 1351 3869 1400 3937; x_wconf 79' lang='lat' dir='ltr'>vijs</span> <span class='ocrx_word' id='word_1_345' title='bbox 1413 3885 1461 3920; x_wconf 90' lang='lat' dir='ltr'>nec</span> 
     </span>
     <span class='ocr_line' id='line_1_35' title="bbox 300 3955 1462 4028; baseline -0.003 -18"><span class='ocrx_word' id='word_1_346' title='bbox 300 3956 395 4012; x_wconf 81' lang='lat' dir='ltr'>sulcias</span> <span class='ocrx_word' id='word_1_347' title='bbox 414 3957 456 4012; x_wconf 90' lang='grc'>001</span> <span class='ocrx_word' id='word_1_348' title='bbox 475 3957 587 4010; x_wconf 87' lang='lat' dir='ltr'>triuolos</span> <span class='ocrx_word' id='word_1_349' title='bbox 605 3957 648 4012; x_wconf 88' lang='lat' dir='ltr'>uel</span> <span class='ocrx_word' id='word_1_350' title='bbox 666 3957 765 4028; x_wconf 80' lang='lat' dir='ltr'>aliquid</span> <span class='ocrx_word' id='word_1_351' title='bbox 784 3957 856 4012; x_wconf 90' lang='lat' dir='ltr'>aliud</span> <span class='ocrx_word' id='word_1_352' title='bbox 874 3973 948 4026; x_wconf 85' lang='lat' dir='ltr'>opus.</span> <span class='ocrx_word' id='word_1_353' title='bbox 961 3957 1034 4026; x_wconf 90' lang='lat' dir='ltr'>quod</span> <span class='ocrx_word' id='word_1_354' title='bbox 1058 3955 1462 4026; x_wconf 63' lang='grc'><strong>0010001001«1001001110015105</strong></span> 
     </span>
    </p>
   </div>
   <div class='ocr_carea' id='block_1_10' title="bbox 327 4233 1073 4360">
    <p class='ocr_par' dir='ltr' id='par_1_10' title="bbox 327 4233 1073 4360">
     <span class='ocr_line' id='line_1_36' title="bbox 327 4233 1073 4288; baseline -0.004 -14"><span class='ocrx_word' id='word_1_355' title='bbox 327 4235 360 4288; x_wconf 74' lang='lat' dir='ltr'>(r)</span> <span class='ocrx_word' id='word_1_356' title='bbox 372 4233 432 4276; x_wconf 72' lang='lat' dir='ltr'>Num.</span> <span class='ocrx_word' id='word_1_357' title='bbox 448 4235 486 4277; x_wconf 84' lang='lat' dir='ltr'>XX</span> <span class='ocrx_word' id='word_1_358' title='bbox 502 4237 608 4276; x_wconf 78' lang='lat' dir='ltr'>recentiori</span> <span class='ocrx_word' id='word_1_359' title='bbox 624 4247 667 4275; x_wconf 70' lang='lat' dir='ltr'>:vo</span> <span class='ocrx_word' id='word_1_360' title='bbox 682 4247 773 4276; x_wconf 73' lang='lat' dir='ltr'>exaratus</span> <span class='ocrx_word' id='word_1_361' title='bbox 787 4247 826 4284; x_wconf 80' lang='grc'><strong>051,</strong></span> <span class='ocrx_word' id='word_1_362' title='bbox 841 4235 882 4274; x_wconf 77' lang='lat' dir='ltr'>allo</span> <span class='ocrx_word' id='word_1_363' title='bbox 896 4247 980 4274; x_wconf 83' lang='lat' dir='ltr'>numero</span> <span class='ocrx_word' id='word_1_364' title='bbox 995 4233 1073 4273; x_wconf 73' lang='lat' dir='ltr'>abraso.</span> 
     </span>
     <span class='ocr_line' id='line_1_37' title="bbox 331 4307 723 4360; baseline 0 -14"><span class='ocrx_word' id='word_1_365' title='bbox 331 4309 358 4360; x_wconf 73' lang='grc'>10]</span> <span class='ocrx_word' id='word_1_366' title='bbox 374 4309 470 4350; x_wconf 77' lang='lat' dir='ltr'>Additum</span> <span class='ocrx_word' id='word_1_367' title='bbox 484 4319 530 4348; x_wconf 79' lang='lat' dir='ltr'>etti</span> <span class='ocrx_word' id='word_1_368' title='bbox 545 4307 612 4348; x_wconf 74' lang='lat' dir='ltr'>Pendet</span> <span class='ocrx_word' id='word_1_369' title='bbox 625 4307 647 4348; x_wconf 81' lang='lat' dir='ltr'>dc</span> <span class='ocrx_word' id='word_1_370' title='bbox 660 4307 723 4346; x_wconf 75' lang='lat' dir='ltr'>melis.</span> 
     </span>
    </p>
   </div>
   <div class='ocr_carea' id='block_1_11' title="bbox 0 0 2024 5546">
    <p class='ocr_par' dir='ltr' id='par_1_11' title="bbox 0 0 2024 5546">
     <span class='ocr_line' id='line_1_38' title="bbox 0 0 2024 5546; baseline 0 0"><span class='ocrx_word' id='word_1_371' title='bbox 0 0 2024 5546; x_wconf 95' lang='lat' dir='ltr'> </span> 
     </span>
    </p>
   </div>
  </div>
 </body>
</html>
