3926 5542
1378 529 1428 588 179

262 637 362 692 sulibus
381 637 424 692 uel
442 638 525 693 altero
543 638 662 708 ipsorum
681 638 724 692 uel
742 638 770 692 in
791 638 835 692 die
853 638 961 692 mercati
980 637 1024 692 uel
1043 637 1093 692 fori
1112 637 1155 692 uel
1174 638 1202 692 in
1222 638 1331 692 ecclesia
1349 651 1376 692 et
1394 640 1428 692 ci·

262 725 362 780 miteris
380 743 427 780 seu
444 726 473 780 in
492 725 596 796 plathea
615 725 658 779 uel
677 738 797 796 tempore
816 725 901 778 noctis
919 737 945 778 et
964 741 1019 778 nox
1037 725 1202 796 intelligatur
1220 743 1235 780 a
1254 727 1341 797 primo
1360 743 1428 781 sono

261 830 390 884 campane
407 813 440 868 ad
459 829 540 884 quarn
558 813 676 884 pulsatur
694 830 741 883 pro
769 813 888 868 custodia
916 829 1000 883 usque
1028 813 1111 868 alium
1129 831 1227 868 sonum
1250 831 1377 886 campane
1395 816 1428 868 ad

262 919 343 974 quam
360 901 479 974 pulsatur
496 917 543 972 pro
562 919 664 956 recessu
683 902 824 956 custodum
847 918 899 973 quc
917 919 985 973 pene
1003 903 1136 956 dictorum
1154 915 1313 958 statutorum
1334 904 1425 974 dupli·

261 1003 355 1046 centur
372 1003 463 1045 contra
481 989 546 1046 tales
563 989 747 1062 delinquentes
765 1003 791 1045 et
809 991 842 1046 ad
861 991 913 1044 boc
931 1003 1061 1062 quantum
1080 991 1112 1044 ad
1141 1007 1221 1061 penas
1249 993 1427 1061 peccuniarias

262 1081 283 1134 si
303 1095 367 1133 uero
385 1079 498 1132 comissa
516 1077 594 1132 iuerit
612 1079 640 1132 io
659 1095 799 1148 personam
817 1078 924 1149 clauarij
945 1079 988 1132 uel
1007 1077 1118 1132 alicuius
1137 1079 1287 1133 Consulum
1301 1079 1363 1149 ipsis
1382 1081 1423 1134 uei

262 1168 329 1221 altro
347 1177 485 1220 exercente
502 1182 548 1220 seu
567 1166 748 1221 exercentibus
760 1165 888 1230 officium,
907 1166 1086 1238 Suprascripte
1099 1182 1166 1237 pene
1175 1165 1339 1236 triplicentur
1350 1179 1377 1220 et
1392 1167 1429 1220 ul·

262 1257 342 1310 terius
361 1267 474 1326 ponatur
491 1254 524 1309 ad
542 1271 656 1308 carceres
674 1255 720 1308 ubi
738 1267 788 1308 stet
807 1273 853 1326 per
870 1255 938 1308 duos
965 1254 1021 1308 dies
1047 1254 1113 1308 etsi
1132 1253 1210 1310 fuerit
1239 1253 1299 1308 uilis
1317 1271 1428 1325 persona

263 1355 376 1417 ponatur
393 1344 426 1398 ad
445 1343 574 1398 berlinam
592 1355 618 1397 et
636 1342 673 1396 ibi
691 1355 742 1396 stet
760 1360 805 1413 per
823 1359 905 1398 unam
924 1343 1004 1398 diem
1017 1343 1050 1396 Et
1065 1355 1193 1398 statutum
1204 1343 1237 1397 de
1250 1343 1429 1414 mittigatione

262 1449 390 1504 penarum
408 1443 515 1503 propter
532 1430 727 1486 confessionem
746 1431 788 1485 uel
808 1448 900 1504 pacem
918 1448 974 1486 non
994 1432 1117 1486 uendicet
1144 1431 1194 1486 sibi
1221 1431 1311 1486 locum
1330 1431 1357 1485 in
1377 1432 1426 1485 de·

263 1521 330 1574 lictis
348 1521 468 1574 comissis
486 1519 514 1574 in
533 1536 644 1591 persona
662 1519 795 1574 dictorum
814 1519 929 1590 Clauatij
950 1519 993 1574 uel
1011 1519 1161 1574 consulum.

262 1715 316 1764 21.
340 1695 390 1762 De
413 1715 495 1783 pena
517 1695 716 1784 procurantis
740 1716 796 1762 seu
820 1693 965 1762 facientis
989 1693 1124 1760 seminas
1148 1693 1288 1763 abortiri.

298 1817 365 1871 ltem
384 1829 511 1872 stauarum
530 1819 652 1889 estquod
665 1818 746 1888 siquis
758 1817 865 1872 abortiri
879 1817 968 1871 iecerit
979 1817 1096 1888 aliquem
1109 1817 1249 1872 mulierem
1266 1817 1309 1872 uei
1322 1835 1427 1872 causam

263 1907 287 1958 ei
305 1907 406 1959 dederit
424 1907 573 1959 abortionis
591 1919 731 1976 appensate
749 1919 776 1960 et
794 1906 886 1960 dolose
905 1907 927 1959 si
946 1905 1043 1958 mulier
1060 1917 1115 1958 erat
1134 1922 1266 1976 pregnans
1278 1907 1311 1960 de
1324 1908 1429 1962 duobus

263 1995 398 2046 mensibus
416 1993 465 2046 sibi
484 2005 561 2063 caput
579 2007 730 2066 amputetur
747 2011 762 2046 a
780 1994 888 2066 spatulis
906 1993 943 2046 sic
962 1994 1033 2064 quod
1053 1993 1157 2064 penitus
1173 1994 1309 2058 moriatur,
1320 1996 1341 2048 si
1352 1995 1430 2049 fuerit

263 2082 403 2135 masculus.
422 2081 450 2136 Si
470 2099 534 2136 uero
553 2081 630 2136 buerit
648 2082 747 2138 femina
766 2083 828 2153 igne
840 2083 1010 2136 comburatur
1024 2081 1109 2136 taliter
1121 2083 1193 2154 quod
1208 2083 1336 2138 moriatur
1347 2085 1428 2138 etiam

262 2171 283 2222 si
303 2169 417 2239 predicta
429 2170 576 2225 contisissct
587 2171 615 2224 in
628 2171 760 2240 seipsam.
774 2171 802 2224 Si
816 2185 879 2224 uero
892 2183 980 2240 pantu
993 2169 1070 2222 fuerit
1084 2169 1196 2222 minoris
1208 2172 1335 2241 temporis
1347 2187 1428 2243 quam

262 2258 377 2312 duorum
396 2257 530 2312 mensium
549 2259 673 2328 puniatur
689 2259 717 2312 in
736 2259 809 2312 libris
827 2258 909 2311 tribus
928 2269 1036 2310 centum
1054 2257 1228 2328 papiensium.
1247 2259 1321 2320 Quas
1336 2260 1357 2312 si
1370 2260 1426 2312 sol·

262 2363 324 2398 uere
342 2363 397 2400 non
417 2347 511 2417 poterit
529 2345 562 2400 ad
580 2347 725 2400 terminum
743 2346 792 2398 sibi
811 2345 839 2399 in
858 2345 1100 2416 condampnatione
1129 2345 1308 2410 statuendum,
1327 2363 1426 2417 ampu-

262 2445 331 2488 tetur
348 2434 397 2487 sibi
416 2451 511 2488 manus
529 2433 614 2488 destra
633 2435 669 2488 ita
688 2435 794 2505 quoda
813 2435 920 2488 brachio
939 2445 1079 2506 separemr.

261 2627 314 2674 22.
339 2609 388 2674 De
411 2629 492 2696 pena
514 2607 688 2676 facientum
712 2608 847 2676 iacturas
872 2631 929 2676 seu
952 2627 1102 2678 maturas.
1127 2608 1177 2698 (1)

296 2714 364 2767 Item
383 2725 511 2767 statutum
529 2727 568 2767 est
586 2715 657 2786 quod
676 2715 758 2785 siquis
775 2715 816 2768 uel
836 2715 923 2788 aliqua
942 2715 1031 2770 iecerit
1049 2733 1096 2770 seu
1124 2717 1316 2786 compossuerit
1337 2716 1428 2787 aliquo

262 2801 345 2853 modo
364 2801 406 2854 uel
425 2813 480 2854 arte
497 2801 584 2872 aliqua
603 2801 732 2855 maleficia
751 2819 796 2855 seu
817 2802 927 2856 facturas
946 2803 988 2858 uel
1008 2816 1159 2874 magaturas
1188 2817 1279 2858 contra
1310 2805 1427 2875 aliquam

263 2903 402 2956 personam
421 2890 504 2959 ipsam
522 2889 702 2943 affactumndo
721 2889 763 2944 uel
783 2889 953 2945 atiacturandi
972 2893 1138 2962 procurando
1157 2893 1220 2962 igne
1243 2905 1426 2946 concremetur

262 2975 297 3028 ita
316 2976 388 3046 quod
407 2977 511 3047 penitus
529 2977 664 3032 moriatur.

263 3171 316 3240 23.
341 3151 391 3220 Dc
415 3173 497 3240 pena
519 3153 714 3220 comittantis
738 3152 937 3220 adulterium.

299 3259 365 3312 ltem
384 3271 510 3312 statutum
529 3259 658 3329 estquod
676 3259 758 3330 siquis
777 3259 910 3312 comiserit
929 3257 1087 3313 adulterium
1107 3258 1149 3312 uei
1169 3271 1289 3331 strupum
1309 3261 1425 3314 alienam

262 3364 372 3401 uxorem
386 3347 428 3401 uel
442 3345 521 3400 aliam
534 3347 674 3400 honestam
688 3348 796 3401 uiduam
807 3347 945 3401 mulierem
958 3348 1087 3402 uiolanter
1096 3335 1233 3402 caumaliter
1242 3349 1426 3416 cognescendo

262 3435 346 3506 capite
376 3435 507 3505 puniatur,
526 3435 591 3489 etsi
610 3451 666 3488 non
685 3437 881 3488 consumauerit
900 3437 965 3490 dum
994 3437 1076 3489 modo
1105 3437 1257 3507 processerit
1286 3437 1425 3489 adactum

262 3523 414 3596 proximum
433 3523 549 3578 libidinis
568 3541 729 3596 quamquam
749 3525 834 3594 ipsum
854 3541 908 3578 raon
928 3525 1125 3578 consumauerit
1144 3525 1195 3577 Sed
1212 3541 1257 3594 per
1271 3523 1357 3593 ipsum
1370 3541 1425 3577 non

263 3613 395 3677 remansit,
403 3613 478 3684 quim
488 3613 574 3682 ipsum
585 3613 736 3682 produxerit
746 3615 777 3666 ad
788 3613 911 3666 ellectum
923 3615 1046 3682 puniatur
1055 3613 1082 3666 in
1094 3613 1164 3666 libris
1175 3614 1292 3682 quinque
1300 3611 1425 3666 Centum

262 3701 289 3754 Si
309 3717 373 3754 uero
392 3701 505 3772 predicta
524 3701 657 3753 comiserit
676 3701 703 3754 in
722 3702 804 3754 domo
824 3701 993 3754 habitationis
1012 3701 1091 3770 ipsius
1105 3701 1224 3770 adulterij
1240 3698 1350 3754 muliere
1367 3715 1427 3754 con·

261 3788 403 3852 senciente,
417 3789 541 3858 puniatur
559 3789 585 3840 in
597 3787 668 3841 libris
679 3803 794 3850 centum,
808 3789 968 3858 applicandis
987 3789 1095 3840 curuuni
1110 3789 1226 3854 bugella.
1246 3789 1272 3840 Si
1288 3805 1352 3840 uero
1364 3789 1426 3842 alibi

261 3877 295 3930 de
312 3891 442 3930 consensu
461 3875 579 3928 mulieris
598 3877 808 3946 condampnetur
827 3877 856 3928 ln
877 3877 1103 3928 librisducentum
1123 3875 1284 3944 applicandis
1297 3889 1324 3928 ut
1339 3893 1425 3945 supra.

261 3965 336 4027 Quas
354 3965 375 4016 si
395 3980 449 4018 non
468 3963 577 4017 soluerit
595 3977 709 4034 ponatur
721 3963 752 4016 ad
766 3963 955 4026 berlinam,vbi
976 3977 1024 4016 stet
1045 3980 1089 4032 per
1108 3980 1188 4016 unam
1209 3964 1281 4015 diem
1300 3975 1325 4016 ct
1337 3977 1425 4032 postea

260 4053 309 4106 sibi
329 4069 407 4105 nasus
424 4063 575 4122 amputetur
593 4051 628 4104 ita
647 4051 718 4122 quod
738 4068 752 4105 a
771 4051 836 4104 sacie
854 4063 993 4120 separetur.
1013 4051 1108 4103 Mulier
1126 4051 1147 4102 si
1168 4049 1244 4102 luerit
1262 4051 1381 4104 maritata
1401 4063 1427 4104 et

258 4139 420 4195 consenserit
438 4139 567 4194 adulterio
586 4139 746 4210 ubicumque
764 4137 841 4192 suerit
871 4137 914 4192 uel
942 4139 1104 4192 consenserit
1131 4139 1255 4208 puniatur
1276 4138 1421 4192 amissione

285 4352 316 4404 (ι)
332 4349 354 4392 lu
369 4349 461 4405 mpla
476 4349 581 4392 chartaceo
597 4347 684 4404 legitur:
700 4355 814 4402 maenaa.
