3926 5542
1398 525 1447 578 ¹49

322 635 371 706 (C)
389 632 566 690 STATUTA
584 633 632 688 DE
651 631 820 687 Domus.
839 631 1099 686 ltccccuv-tv.
1128 659 1161 672 -
1189 631 1262 686 Pars.
1275 631 1324 702 sol.
1343 631 1447 686 Moser.

286 738 324 778 rv.
343 729 365 776 et
383 723 438 776 Fol.
457 723 561 776 Mersit.
580 735 608 776 v.
627 735 665 776 vr.

288 883 316 932 1.
339 863 501 933 Stamtum
522 861 610 952 quod
632 859 747 930 mulier
769 859 877 930 dotata
899 881 967 928 non
1001 857 1149 928 succedat
1170 861 1206 926 in
1238 857 1332 928 bonis
1355 859 1449 928 ruitis

328 969 468 1056 paternis
491 985 523 1036 et
545 968 698 1035 maternis
721 965 784 1056 (1).

320 1127 350 1179 ln
368 1126 480 1180 nomine
497 1125 601 1180 domini
619 1125 703 1180 nostri
720 1105 777 1197 y-h}
788 1105 842 1196 ᾗ
857 1141 945 1190 amen,
964 1125 1046 1180 Anno
1063 1141 1079 1178 a
1097 1125 1235 1179 natiuitate
1253 1123 1372 1178 eiusdem
1391 1141 1446 1178 cur·

284 1225 357 1268 reate
375 1213 519 1268 Millesimo
536 1214 786 1284 quatercentessimo
805 1213 1038 1284 quinquagessimo
1056 1225 1150 1284 quarto
1177 1213 1314 1266 lndicione
1333 1213 1447 1266 seconda

283 1301 326 1354 die
344 1301 487 1372 vigessimo
504 1301 591 1371 primo
610 1301 708 1354 mensis
726 1301 793 1370 junij
813 1301 912 1354 Attum
931 1301 959 1353 in
979 1299 1063 1370 platin
1082 1299 1192 1370 Bugelle
1219 1299 1341 1354 uidelicet
1369 1315 1446 1370 super

284 1388 384 1458 palatio
402 1389 525 1442 comunis
543 1389 606 1442 dicti
624 1388 677 1442 loci
695 1387 858 1458 presentibus
876 1389 985 1442 testibus
1003 1389 1036 1442 ad
1048 1389 1098 1442 hec
1110 1387 1209 1442 vocatis
1223 1401 1249 1442 et
1262 1388 1359 1457 rogatis
1372 1387 1449 1458 Spec-

283 1475 406 1530 tabilibus
424 1489 451 1530 et
468 1475 589 1546 Egregiis
607 1475 669 1530 viris
687 1475 804 1529 dominis
823 1475 947 1530 Iohanne
965 1476 1086 1530 Amedeo
1104 1477 1138 1530 de
1157 1475 1331 1546 Vagnonibus
1349 1492 1382 1528 ex
1400 1475 1446 1530 do-

283 1563 364 1618 minis
382 1563 517 1618 miffarelli
536 1563 648 1618 domino
666 1563 743 1618 castri
755 1575 851 1616 veteris
865 1575 993 1634 potestate
1005 1563 1067 1618 dicti
1080 1563 1132 1618 loci
1144 1563 1254 1634 Bugelle
1266 1575 1292 1618 et
1304 1563 1361 1618 eius
1374 1579 1448 1616 man·

282 1651 400 1706 dementi
412 1652 491 1706 Petro
509 1653 542 1706 de
553 1651 664 1706 ducibus
675 1651 709 1704 de
722 1651 911 1705 montecalerio
923 1651 1014 1720 legum
1026 1652 1134 1706 doctore
1147 1651 1204 1706 eius
1216 1651 1314 1706 vicano
1325 1652 1446 1706 Antonio

282 1737 338 1792 lilio
356 1739 492 1810 quondam
510 1739 638 1792 lobannis
655 1754 731 1807 capre
749 1737 783 1792 de
801 1737 910 1808 bugella
928 1737 961 1791 Et
980 1754 1027 1808 pro
1045 1740 1161 1792 secondo
1180 1740 1283 1792 notario
1301 1739 1347 1810 qui
1366 1739 1446 1792 etiam

282 1825 400 1880 interfuit
418 1843 465 1896 pro
484 1825 570 1896 primu
588 1821 735 1880 Andfeono
754 1824 810 1878 filio
828 1825 925 1878 nobilis
944 1824 1043 1878 Roffini
1062 1825 1203 1880 messernni
1223 1827 1327 1880 notario
1340 1827 1446 1896 publico

282 1914 315 1966 de
334 1913 451 1984 bugella
471 1913 563 1984 Ibique
581 1913 737 1968 Conuocsu
756 1925 782 1966 et
800 1925 960 1984 congregata
979 1911 1124 1966 Credeneia
1151 1914 1275 1968 comunis
1302 1914 1364 1967 dicti
1394 1913 1444 1966 loci

282 2001 391 2070 Bugelle
409 2003 443 2056 de
472 2002 599 2055 mandato
626 2001 731 2070 Egregii
761 2013 787 2054 et
805 2001 937 2054 nobilium
965 2001 1084 2054 virorum
1112 2001 1284 2055 dominorum
1314 1983 1444 2056 Ludouici

282 2089 423 2144 Bertodani
441 2089 546 2143 comitis
565 2089 672 2158 palatinj
693 2087 808 2157 Claoruij
829 2087 926 2140 lionim
944 2087 978 2142 de
997 2087 1108 2158 serrarijs
1126 2101 1153 2142 et
1183 2089 1282 2142 Rollini
1301 2091 1443 2160 messenanj

282 2176 431 2231 Consulum
450 2175 513 2230 dicti
540 2174 663 2229 comunis
693 2191 761 2229 sono
789 2174 925 2244 Canipane
943 2187 970 2228 et
988 2191 1053 2228 voce
1072 2175 1192 2245 preconis
1211 2189 1238 2230 vt
1257 2177 1338 2230 moris
1356 2189 1395 2229 est
1414 2177 1444 2228 ln

280 2281 332 2335 qun
350 2265 459 2334 quidem
477 2264 613 2318 credentia
631 2262 808 2317 lnterluerunt
828 2263 1020 2317 Conueneruot
1038 2275 1065 2316 et
1083 2277 1215 2333 presentes
1234 2263 1340 2318 luerunt
1352 2263 1444 2334 prelati

280 2352 384 2406 domini
403 2351 541 2404 Clanarius
558 2363 585 2404 et
603 2349 705 2404 Consul
725 2349 846 2404 Rollious
865 2366 1029 2404 missernnus
1047 2366 1078 2404 sc
1096 2350 1211 2405 Inferius
1238 2352 1372 2406 nominati
1390 2351 1443 2404 ho-

281 2440 367 2492 mines
385 2437 555 2508 Credendan‘j
575 2451 602 2492 et
620 2437 700 2492 vieini
719 2453 767 2508 pro
785 2435 954 2508 inirnscriptis
981 2437 1127 2507 specialiter
1156 2439 1311 2509 peragendis
1329 2455 1444 2510 quorum

280 2527 389 2598 quidem
407 2526 648 2581 Credendariorum
665 2537 692 2579 et
710 2525 853 2579 hominurn
871 2525 1062 2580 nominarunt
1089 2525 1147 2579 hec
1175 2527 1284 2580 Nobiles
1312 2527 1445 2580 lohannes

280 2614 313 2666 de
331 2612 444 2682 serrarijs
471 2613 606 2667 Antonius
634 2611 755 2666 serranus
783 2612 954 2666 Francisehus
981 2612 1015 2666 de
1033 2625 1113 2682 puteo
1132 2613 1266 2666 Antonius
1293 2613 1445 2684 passalaqua

279 2699 412 2754 Iohannes
430 2717 540 2770 grornus
558 2701 668 2754 lacobus
687 2700 850 2752 liertodarms
868 2699 1000 2752 lohannes
1019 2699 1084 2752 lecia
1103 2699 1269 2754 Vallarinnus
1287 2701 1320 2754 de
1333 2701 1445 2771 lerrarijs

281 2787 409 2841 Martinus
428 2787 551 2857 tolegnos
575 2787 707 2841 lohannes
735 2787 859 2856 tolegnus
887 2787 1019 2840 lohannes
1047 2787 1142 2840 lerona
1171 2787 1292 2841 Roffinus
1319 2788 1444 2858 tolegnus

280 2876 376 2930 Betim
395 2875 516 2930 ferrarius
535 2875 644 2929 lacobus
663 2875 696 2928 de
714 2874 796 2944 spinis
823 2875 958 2928 Antonius
985 2875 1018 2928 de
1045 2875 1157 2945 giglono
1185 2875 1369 2930 Burrulomeus
1388 2875 1442 2930 ser·

280 2963 362 3016 rarius
380 2963 563 3016 bartolomeus
581 2963 614 3016 de
632 2963 736 3016 villanis
754 2961 894 3016 Enselmus
913 2979 1049 3016 mnnzana
1067 2963 1162 3016 Simon
1181 2963 1214 3016 de
1232 2961 1314 3032 lingo
1333 2964 1443 3016 heobus

279 3050 344 3104 secia
363 3049 511 3120 Stephanus
530 3049 677 3122 sapellanus
696 3050 824 3104 Bresanus
843 3049 976 3102 laueainus
995 3050 1128 3102 lohannes
1146 3049 1179 3102 de
1198 3051 1361 3118 vergnascho
1380 3053 1441 3104 An·

280 3137 370 3192 tonius
388 3139 421 3191 de
439 3139 530 3208 gatigo
543 3139 635 3192 Petrus
647 3139 736 3208 gorzia
749 3137 933 3192 Bartolooieus
946 3135 1096 3206 pelliparius
1109 3135 1280 3190 Vercellonos
1293 3138 1326 3190 de
1338 3139 1443 3192 molino

278 3225 445 3295 Augustinus
462 3239 579 3280 cerrotos
597 3226 781 3280 bartolomeus
798 3225 877 3280 scalis
895 3225 1028 3277 lohannes
1055 3225 1088 3277 de
1106 3223 1170 3276 leria
1187 3224 1221 3277 Et
1240 3225 1390 3278 Ludouieus
1409 3227 1442 3279 de

278 3314 381 3384 gromis
400 3311 598 3367 Constituentes
611 3313 675 3366 vltra
688 3325 739 3368 tres
753 3325 837 3383 partes
851 3313 994 3365 hominum
1013 3311 1252 3364 Credendariorunt
1263 3325 1288 3364 et
1297 3312 1442 3366 Credencie

278 3401 340 3454 dicti
359 3401 482 3454 comunis
500 3400 617 3468 Bugelle.
637 3400 755 3453 Prolatus
772 3401 898 3454 dominus
916 3399 1054 3452 Clanarius
1068 3400 1095 3452 io
1109 3399 1178 3452 dicta
1189 3399 1324 3452 credentia
1337 3401 1403 3452 dixit
1414 3411 1442 3452 et

279 3489 415 3557 proposuit
433 3503 468 3540 an
486 3487 562 3541 dietis
581 3487 742 3540 Consulibus
760 3498 786 3539 et
804 3487 979 3554 credandarijs
998 3486 1100 3540 salubre
1113 3499 1138 3538 et
1151 3484 1214 3538 urile
1227 3486 1357 3538 videretur
1368 3487 1440 3555 quod

278 3585 407 3628 statuatur
424 3587 451 3628 et
469 3573 626 3627 relormetnr
644 3589 673 3627 ae
693 3573 737 3626 liat
755 3585 781 3626 et
799 3573 927 3626 condatur
940 3589 987 3642 pro
1000 3575 1072 3627 bono
1086 3574 1196 3626 utilitate
1207 3589 1237 3626 ac
1251 3574 1359 3643 pacilito
1372 3587 1439 3626 statu

277 3663 341 3716 dicti
360 3661 483 3716 comunis
501 3673 528 3715 et
546 3661 688 3732 reipublice
706 3661 882 3714 uniuersitatis
900 3673 926 3714 et
944 3661 1088 3715 hominum
1106 3661 1169 3715 dicti
1188 3659 1239 3716 loci
1259 3661 1368 3732 bugelle
1385 3663 1441 3715 Sta·

276 3761 364 3804 tntum
384 3749 539 3820 infrascripti
557 3749 657 3804 tenoris
674 3747 804 3804 videlieet.

313 3873 466 3926 Stntuemnt
477 3871 616 3926 voluerunt
626 3885 652 3926 et
662 3871 860 3924 declarauerunt
872 3871 903 3923 nd
917 3869 1065 3924 tollendum
1079 3871 1215 3924 materiam
1226 3872 1345 3942 litigandi
1356 3883 1380 3926 et
1391 3873 1439 3926 dis·

276 3961 427 4014 cordiamm
446 3959 514 4012 inter
531 3973 659 4030 cognatos
679 3959 798 4028 lignatos
817 3971 843 4010 ct
861 3957 943 4010 alines
961 3975 1038 4026 super
1065 3960 1272 4012 successionibus
1300 3973 1437 4030 parentum

273 4064 338 4118 quas
351 4063 412 4118 sepe
424 4063 538 4100 numero
553 4045 661 4100 femine
674 4047 831 4116 pretendunt
843 4063 877 4098 ne
890 4063 921 4098 ex
935 4045 1105 4114 impetitione
1118 4046 1210 4099 talium
1225 4045 1383 4102 seminarum
1397 4063 1438 4118 pn·

296 4185 327 4234 (tl
342 4184 425 4226 Titulus
440 4187 547 4226 nemitori
562 4197 613 4226 aevo
628 4185 740 4238 eluriptnt
756 4195 794 4226 est.

299 4257 360 4294 nlius
374 4258 487 4308 exemplum
502 4259 592 4306 eius-lent
608 4259 686 4304 statuti,
704 4269 763 4296 meno
778 4261 851 4300 noterii
866 4261 969 4300 Andreonl
991 4260 1099 4300 licitenol
1121 4261 1146 4298 ad
1167 4259 1249 4300 verbani
1271 4259 1335 4308 relati,
1350 4267 1402 4298 aut
1417 4259 1437 4297 in

273 4324 343 4366 toleto
358 4325 411 4366 felle
425 4327 561 4368 membraneo.
