3918 5554
555 541 607 594 ²42

554 647 630 719 placij
651 646 761 719 Bugelle
779 647 808 701 in
826 647 906 718 pleno
925 645 1049 716 Collegio
1070 663 1166 700 ornnes
1195 647 1339 700 concordes
1369 657 1396 700 et
1422 645 1531 700 nemine
1557 647 1720 718 discrepante

555 735 637 800 Quod
656 735 797 806 prandium
815 734 887 806 qnod
906 746 1065 788 consuetum
1083 745 1122 788 est
1141 734 1196 787 fieri
1215 751 1261 804 per
1287 735 1428 806 magistros
1457 735 1490 789 de
1524 733 1647 806 Collegio
1677 733 1723 786 fiat

554 839 659 896 semper
676 824 899 894 quociescumque
917 822 1056 877 Clanarius
1074 823 1136 876 dicti
1156 822 1269 894 Collegij
1290 823 1339 876 erit
1357 823 1390 876 de
1408 823 1494 894 placio
1512 823 1540 877 in
1568 823 1662 894 placio,
1689 822 1723 876 Et

555 913 663 984 quando
682 911 820 966 Clanarius
838 909 901 964 dicti
920 909 1034 981 Collegij
1054 910 1103 964 erit
1121 911 1154 964 de
1172 910 1252 980 plano
1271 909 1316 964 fiat
1334 911 1362 963 in
1381 910 1461 981 plano
1479 911 1513 966 Et
1530 911 1602 983 qnod
1621 911 1722 964 dictum

554 1013 683 1056 statutum
702 999 836 1054 obseruari
854 999 948 1052 debeat
966 1015 1012 1068 per
1030 999 1171 1068 magistros
1190 997 1223 1051 de
1241 999 1314 1052 dicto
1332 998 1457 1070 Collegio
1475 999 1548 1052 Etsi
1570 999 1665 1070 aliquis
1692 1017 1725 1052 ex

555 1089 618 1160 ipsis
636 1088 769 1159 magistris
786 1087 943 1157 jamdictum
953 1099 1080 1140 statutum
1091 1088 1249 1140 recusauerit
1262 1087 1401 1140 obseruare
1411 1087 1565 1141 excludatur
1576 1104 1591 1140 a
1601 1087 1724 1156 Collegio

556 1177 591 1230 Et
609 1177 680 1248 quod
700 1175 795 1246 aliquis
813 1175 846 1227 de
863 1173 989 1245 ,Collegio
1008 1172 1206 1227 contrafacienti
1225 1190 1280 1226 non
1290 1175 1334 1227 det
1343 1174 1473 1229 auxilinm
1482 1191 1531 1228 nec
1541 1173 1660 1228 fauorem
1670 1175 1726 1228 Sub

556 1281 624 1336 pena
642 1263 799 1316 sacramenti
817 1261 850 1315 Et
869 1261 937 1316 ultra
955 1262 1008 1315 hoc
1026 1262 1059 1314 de
1077 1261 1169 1314 solidis
1186 1261 1242 1314 XL.
1262 1278 1309 1331 pro
1328 1261 1447 1333 quolibet
1464 1261 1669 1315 oontmfaciente
1696 1278 1726 1314 ac

556 1352 641 1405 eciam
660 1367 756 1404 omnes
774 1349 893 1419 magistri
913 1349 946 1401 de
964 1350 1036 1402 dicto
1055 1348 1179 1418 Collegio
1198 1365 1254 1401 esse
1272 1349 1385 1402 debeant
1402 1349 1435 1402 ad
1454 1350 1555 1403 dictum
1585 1348 1727 1419 prandium

557 1451 584 1492 et
600 1451 668 1492 stare
686 1454 747 1490 curn
767 1453 860 1490 eorum
879 1435 1004 1489 Clanario
1023 1448 1049 1489 et
1067 1436 1230 1490 Consulibus
1248 1453 1262 1488 a
1281 1453 1361 1490 mane
1371 1453 1454 1506 usque
1463 1453 1586 1506 vesperos
1598 1436 1646 1490 sub
1658 1437 1727 1490 dicta

557 1543 625 1598 pena
642 1524 701 1579 Nisi
719 1524 834 1577 habeant
852 1523 991 1576 licenciam
1009 1523 1041 1576 ab
1060 1539 1153 1576 eornm
1172 1523 1297 1577 Clanario
1316 1523 1358 1576 uel
1377 1522 1540 1577 Consulibus
1558 1523 1599 1577 vel
1612 1524 1727 1577 habeant

558 1613 725 1684 legiptimam
743 1609 935 1664 defensionem.
953 1611 987 1664 Et
1000 1611 1085 1681 ipsam
1104 1609 1287 1666 defensionem
1306 1609 1398 1665 fecisse
1427 1611 1540 1665 debeant
1568 1609 1636 1666 infra
1665 1611 1727 1666 XV.

558 1701 614 1755 dies
632 1699 769 1770 proximos
786 1709 935 1770 sequentes

597 1872 619 1910 r.
638 1857 705 1910 ltem
724 1867 853 1910 statutum
872 1856 1001 1926 estquod
1020 1856 1048 1909 in
1067 1857 1137 1910 dicta
1155 1856 1199 1909 die
1217 1855 1275 1910 sesti
1294 1857 1378 1910 sancti
1396 1856 1466 1928 Eloy
1484 1855 1529 1911 fiat
1541 1875 1592 1912 vna
1603 1859 1729 1912 maranda

559 1961 606 2015 per
623 1945 764 2014 magistros
782 1944 816 1996 de
834 1942 905 1996 dicto
924 1943 1057 2013 Collegio.
1076 1944 1109 1996 Et
1127 1945 1235 2014 quando
1254 1943 1394 1998 Clanarius
1412 1945 1476 1998 dicti
1494 1943 1609 2016 Collegij
1630 1945 1680 1999 erit
1697 1947 1730 2000 tle

559 2031 646 2102 placio
664 2033 733 2084 dicta
751 2031 878 2084 merenda
896 2029 963 2084 fierit
981 2033 1075 2085 debeat
1093 2031 1121 2084 in
1140 2030 1228 2100 plano.
1240 2033 1274 2085 Et
1285 2033 1393 2102 quando
1406 2032 1544 2086 Clanarius
1552 2033 1730 2103 eritdeplano

560 2118 629 2172 dicta
647 2119 774 2172 manenda
792 2117 838 2172 fiat
855 2119 883 2170 in
902 2117 996 2187 placio.
1015 2118 1049 2172 Et
1067 2134 1162 2172 omnes
1180 2119 1300 2190 magistri
1319 2121 1353 2173 de
1380 2119 1504 2191 Collegio
1532 2121 1645 2174 debeant
1674 2137 1731 2174 esse

562 2207 595 2260 ad
613 2207 711 2260 dictam
729 2207 893 2271 marendam,
912 2207 967 2260 Sub
986 2223 1062 2276 pena,
1082 2206 1230 2260 solidorum
1249 2207 1306 2261 XX.
1325 2225 1373 2278 pro
1392 2208 1512 2278 quolibet
1521 2207 1725 2262 contmlacietrte

776 2647 810 2699 Ἦ.
830 2647 1007 2700 STATUTA
1026 2647 1319 2702 CALEGARIORUM
1338 2649 1511 2702 BUGELLE.

608 2823 645 2888 ln
668 2823 801 2888 nomine
824 2838 932 2887 sancte
956 2839 987 2888 et
1010 2820 1182 2889 Indiuidue
1205 2822 1374 2890 Trinitatis
1397 2825 1513 2891 Amen.

609 3001 679 3066 Hec
702 3016 776 3066 sunt
800 3000 938 3088 quedam
961 3017 1078 3066 statuta
1100 3017 1132 3066 et
1155 2998 1376 3067 ordinamenta
1392 3003 1473 3068 lacta
1485 3023 1541 3089 per
1553 3001 1735 3090 Collegium

562 3107 631 3172 siue
655 3107 830 3193 paraticnm
847 3105 1088 3194 Calegariorum
1100 3105 1247 3193 Bugelle,
1258 3104 1309 3172 Ad
1321 3105 1479 3174 honorem
1497 3108 1622 3174 domini
1635 3110 1736 3174 nostri

563 3219 667 3306 ylresu
700 3221 754 3307 xpi
778 3237 810 3286 et
834 3219 925 3286 beate
950 3220 1051 3286 Marie
1074 3222 1206 3307 virginis
1229 3243 1266 3286 ac
1288 3218 1371 3288 beati
1397 3221 1523 3310 Eusebi]
1549 3223 1689 3288 Martiris
1705 3239 1736 3287 et

564 3326 604 3392 ad
628 3325 787 3393 honorem
819 3324 1008 3392 venerabilis
1043 3327 1140 3413 patris
1174 3324 1299 3392 domini
1334 3330 1492 3414 Aymonis
1526 3329 1736 3395 miseracione

566 3431 674 3498 diuina
698 3433 848 3520 Episcopi
872 3430 1075 3498 vercellensis
1099 3449 1131 3498 et
1154 3430 1303 3515 Comitis,
1327 3431 1366 3498 Et
1388 3432 1427 3498 ad
1450 3433 1610 3500 honorem
1637 3452 1668 3500 et
1682 3433 1738 3500 bo

567 3559 646 3604 num
669 3555 787 3604 statum
810 3536 970 3605 Comunis
986 3554 1018 3604 et
1030 3537 1200 3604 hominum
1214 3537 1276 3605 loci
1300 3537 1441 3626 Bugelle,
1467 3537 1567 3606 Anno
1591 3556 1737 3607 currente

568 3643 741 3710 millesimo
765 3643 987 3710 ducentesimo
1010 3645 1234 3731 Nonagesimo
1256 3645 1372 3732 primo,
1389 3644 1580 3728 indictione,
1605 3645 1738 3725 Quarta.

607 3837 628 3874 1.
648 3821 691 3890 (r)
709 3819 844 3890 Imprimis
862 3831 1010 3874 statuerunt
1027 3833 1053 3874 et
1073 3821 1264 3875 ordinauerunt
1282 3823 1355 3892 quod
1373 3821 1463 3878 nullus
1482 3822 1636 3893 Calegarius
1645 3823 1738 3876 debeat

570 3907 613 3962 uel
632 3921 765 3978 presumat
784 3907 902 3962 laborare
920 3909 953 3962 de
971 3908 1061 3962 officio
1080 3908 1219 3980 Calegarie
1239 3909 1267 3962 in
1286 3909 1385 3980 vigiliis
1403 3924 1492 3964 sancte
1523 3911 1605 3964 marie
1633 3927 1681 3965 nec
1708 3911 1736 3964 in

570 3996 669 4066 vigilijs
687 3995 745 4049 XII.
764 3996 957 4066 Apostolorum
976 3997 1018 4050 vel
1037 3996 1127 4066 aliquo
1145 3998 1189 4051 die
1208 3997 1313 4051 Sabbati
1332 3999 1364 4051 ab
1383 3999 1449 4051 hora
1467 4015 1540 4052 nona
1558 3999 1586 4052 in
1605 4011 1682 4052 antea
1704 3999 1738 4052 Et

571 4085 616 4154 qui
635 4081 817 4138 contrafecerit
836 4101 883 4154 pro
901 4085 991 4137 banno
1010 4102 1057 4155 pro
1076 4086 1193 4156 qualibet
1212 4086 1271 4139 nice
1280 4087 1391 4155 (soluat)
1401 4087 1523 4141 denarios
1532 4088 1590 4158 er.
1600 4088 1737 4158 papienses

571 4172 630 4225 Nisi
647 4172 743 4226 exinde
761 4172 869 4225 haberet
887 4171 1027 4226 licenciam
1045 4189 1061 4226 a
1080 4173 1242 4227 Consulibus
1260 4175 1471 4245 Calegariorum.

599 4345 629 4397 (r)
644 4343 727 4387 Numeri
742 4345 852 4400 decentia
866 4345 945 4396 codice,
956 4346 1129 4401 ynoswadijcinns.
