<?xml version="1.0" encoding="UTF-8"?>
<!DOCTYPE html PUBLIC "-//W3C//DTD XHTML 1.0 Transitional//EN"
    "http://www.w3.org/TR/xhtml1/DTD/xhtml1-transitional.dtd">
<html xmlns="http://www.w3.org/1999/xhtml" xml:lang="en" lang="en">
 <head>
  <title>
</title>
<meta http-equiv="Content-Type" content="text/html;charset=utf-8" />
  <meta name='ocr-system' content='tesseract 3.04.00' />
  <meta name='ocr-capabilities' content='ocr_page ocr_carea ocr_par ocr_line ocrx_word'/>
</head>
<body>
  <div class='ocr_page' id='page_1' title='image "./statutacomunisb00sellgoog_0190.png"; bbox 0 0 3926 5542; ppageno 0'>
   <div class='ocr_carea' id='block_1_1' title="bbox 1403 523 1451 577">
    <p class='ocr_par' dir='ltr' id='par_1_1' title="bbox 1403 523 1451 577">
     <span class='ocr_line' id='line_1_1' title="bbox 1403 523 1451 577; baseline 0 0"><span class='ocrx_word' id='word_1_1' title='bbox 1403 523 1451 577; x_wconf 82' lang='lat'>¹55</span> 
     </span>
    </p>
   </div>
   <div class='ocr_carea' id='block_1_2' title="bbox 289 627 1457 2796">
    <p class='ocr_par' dir='ltr' id='par_1_2' title="bbox 289 627 1457 2446">
     <span class='ocr_line' id='line_1_2' title="bbox 291 627 1451 702; baseline -0.001 -17"><span class='ocrx_word' id='word_1_2' title='bbox 291 646 449 702; x_wconf 87' lang='lat' dir='ltr'>sponsarum</span> <span class='ocrx_word' id='word_1_3' title='bbox 466 631 591 684; x_wconf 89' lang='lat' dir='ltr'>nundum</span> <span class='ocrx_word' id='word_1_4' title='bbox 609 629 800 684; x_wconf 88' lang='lat' dir='ltr'>conductarum</span> <span class='ocrx_word' id='word_1_5' title='bbox 817 628 851 682; x_wconf 85' lang='lat' dir='ltr'>ad</span> <span class='ocrx_word' id='word_1_6' title='bbox 869 627 982 683; x_wconf 89' lang='lat' dir='ltr'>domurn</span> <span class='ocrx_word' id='word_1_7' title='bbox 999 628 1088 683; x_wconf 85' lang='lat' dir='ltr'>mariti</span> <span class='ocrx_word' id='word_1_8' title='bbox 1105 641 1154 684; x_wconf 84' lang='lat' dir='ltr'>etc</span> <span class='ocrx_word' id='word_1_9' title='bbox 1173 641 1252 700; x_wconf 91' lang='lat' dir='ltr'>prout</span> <span class='ocrx_word' id='word_1_10' title='bbox 1268 629 1298 682; x_wconf 88' lang='lat' dir='ltr'>in</span> <span class='ocrx_word' id='word_1_11' title='bbox 1315 627 1378 700; x_wconf 84' lang='lat' dir='ltr'>ipsis</span> <span class='ocrx_word' id='word_1_12' title='bbox 1395 641 1451 684; x_wconf 85' lang='lat' dir='ltr'>sta-</span> 
     </span>
     <span class='ocr_line' id='line_1_3' title="bbox 289 715 1453 787; baseline -0.002 -15"><span class='ocrx_word' id='word_1_13' title='bbox 289 717 352 772; x_wconf 90' lang='lat' dir='ltr'>tutis</span> <span class='ocrx_word' id='word_1_14' title='bbox 369 717 519 772; x_wconf 84' lang='lat' dir='ltr'>continemr</span> <span class='ocrx_word' id='word_1_15' title='bbox 536 733 567 772; x_wconf 85' lang='lat' dir='ltr'>ac</span> <span class='ocrx_word' id='word_1_16' title='bbox 584 718 665 771; x_wconf 87' lang='lat' dir='ltr'>etiarn</span> <span class='ocrx_word' id='word_1_17' title='bbox 683 733 761 787; x_wconf 89' lang='lat' dir='ltr'>snper</span> <span class='ocrx_word' id='word_1_18' title='bbox 778 731 859 770; x_wconf 88' lang='lat' dir='ltr'>onere</span> <span class='ocrx_word' id='word_1_19' title='bbox 876 715 1050 770; x_wconf 83' lang='lat' dir='ltr'>defenssionis</span> <span class='ocrx_word' id='word_1_20' title='bbox 1076 717 1158 787; x_wconf 84' lang='lat' dir='ltr'>ipsius</span> <span class='ocrx_word' id='word_1_21' title='bbox 1184 717 1273 770; x_wconf 88' lang='lat' dir='ltr'>statuti</span> <span class='ocrx_word' id='word_1_22' title='bbox 1302 729 1329 770; x_wconf 89' lang='lat' dir='ltr'>et</span> <span class='ocrx_word' id='word_1_23' title='bbox 1346 716 1453 770; x_wconf 88' lang='lat' dir='ltr'>alterius</span> 
     </span>
     <span class='ocr_line' id='line_1_4' title="bbox 289 803 1452 875; baseline 0 -17"><span class='ocrx_word' id='word_1_24' title='bbox 289 805 379 858; x_wconf 85' lang='lat' dir='ltr'>statttti</span> <span class='ocrx_word' id='word_1_25' title='bbox 396 804 457 858; x_wconf 83' lang='lat' dir='ltr'>lacti</span> <span class='ocrx_word' id='word_1_26' title='bbox 474 804 596 858; x_wconf 83' lang='lat' dir='ltr'>videlicet</span> <span class='ocrx_word' id='word_1_27' title='bbox 613 805 685 875; x_wconf 86' lang='lat' dir='ltr'>quod</span> <span class='ocrx_word' id='word_1_28' title='bbox 703 803 777 858; x_wconf 89' lang='lat' dir='ltr'>nulla</span> <span class='ocrx_word' id='word_1_29' title='bbox 794 803 891 857; x_wconf 90' lang='lat' dir='ltr'>mulier</span> <span class='ocrx_word' id='word_1_30' title='bbox 908 803 998 857; x_wconf 88' lang='lat' dir='ltr'>dotata</span> <span class='ocrx_word' id='word_1_31' title='bbox 1015 803 1106 858; x_wconf 86' lang='lat' dir='ltr'>venire</span> <span class='ocrx_word' id='word_1_32' title='bbox 1118 805 1200 873; x_wconf 83' lang='lat' dir='ltr'><strong>possit</strong></span> <span class='ocrx_word' id='word_1_33' title='bbox 1212 803 1245 858; x_wconf 86' lang='lat' dir='ltr'>ad</span> <span class='ocrx_word' id='word_1_34' title='bbox 1258 805 1452 858; x_wconf 77' lang='lat' dir='ltr'>successionem</span> 
     </span>
     <span class='ocr_line' id='line_1_5' title="bbox 290 889 1454 962; baseline 0 -17"><span class='ocrx_word' id='word_1_35' title='bbox 290 903 428 961; x_wconf 87' lang='lat' dir='ltr'>parentum</span> <span class='ocrx_word' id='word_1_36' title='bbox 446 892 479 945; x_wconf 92' lang='lat' dir='ltr'>ab</span> <span class='ocrx_word' id='word_1_37' title='bbox 497 891 621 945; x_wconf 82' lang='lat' dir='ltr'>intestato</span> <span class='ocrx_word' id='word_1_38' title='bbox 648 903 726 962; x_wconf 90' lang='lat' dir='ltr'>prout</span> <span class='ocrx_word' id='word_1_39' title='bbox 754 891 781 944; x_wconf 93' lang='lat' dir='ltr'>in</span> <span class='ocrx_word' id='word_1_40' title='bbox 810 890 868 961; x_wconf 84' lang='lat' dir='ltr'>ipso</span> <span class='ocrx_word' id='word_1_41' title='bbox 897 901 996 944; x_wconf 88' lang='lat' dir='ltr'>statuto</span> <span class='ocrx_word' id='word_1_42' title='bbox 1023 889 1092 945; x_wconf 88' lang='lat' dir='ltr'>iacto</span> <span class='ocrx_word' id='word_1_43' title='bbox 1110 890 1192 943; x_wconf 85' lang='lat' dir='ltr'>Anno</span> <span class='ocrx_word' id='word_1_44' title='bbox 1211 891 1315 944; x_wconf 90' lang='lat' dir='ltr'>domini</span> <span class='ocrx_word' id='word_1_45' title='bbox 1333 903 1454 945; x_wconf 89' lang='lat' dir='ltr'>currente</span> 
     </span>
     <span class='ocr_line' id='line_1_6' title="bbox 290 977 1452 1050; baseline 0 -18"><span class='ocrx_word' id='word_1_46' title='bbox 290 977 451 1032; x_wconf 82' lang='lat' dir='ltr'>M⁶CCCCL</span> <span class='ocrx_word' id='word_1_47' title='bbox 470 989 564 1050; x_wconf 86' lang='lat' dir='ltr'>quarto</span> <span class='ocrx_word' id='word_1_48' title='bbox 582 979 625 1032; x_wconf 91' lang='lat' dir='ltr'>die</span> <span class='ocrx_word' id='word_1_49' title='bbox 642 979 714 1042; x_wconf 87' lang='lat' dir='ltr'><strong>XXI,</strong></span> <span class='ocrx_word' id='word_1_50' title='bbox 732 978 830 1031; x_wconf 83' lang='lat' dir='ltr'>mensis</span> <span class='ocrx_word' id='word_1_51' title='bbox 848 979 915 1048; x_wconf 71' lang='lat' dir='ltr'>junii</span> <span class='ocrx_word' id='word_1_52' title='bbox 936 977 1086 1030; x_wconf 84' lang='lat' dir='ltr'>continetur</span> <span class='ocrx_word' id='word_1_53' title='bbox 1104 994 1150 1047; x_wconf 88' lang='lat' dir='ltr'>per</span> <span class='ocrx_word' id='word_1_54' title='bbox 1163 977 1248 1046; x_wconf 85' lang='lat' dir='ltr'>ipsam</span> <span class='ocrx_word' id='word_1_55' title='bbox 1261 979 1452 1032; x_wconf 87' lang='lat' dir='ltr'>comunitatetn</span> 
     </span>
     <span class='ocr_line' id='line_1_7' title="bbox 290 1064 1454 1136; baseline 0.001 -18"><span class='ocrx_word' id='word_1_56' title='bbox 290 1067 448 1119; x_wconf 86' lang='lat' dir='ltr'>assumendo</span> <span class='ocrx_word' id='word_1_57' title='bbox 466 1065 616 1136; x_wconf 83' lang='lat' dir='ltr'>confirmari</span> <span class='ocrx_word' id='word_1_58' title='bbox 637 1066 749 1120; x_wconf 79' lang='lat' dir='ltr'>debeant</span> <span class='ocrx_word' id='word_1_59' title='bbox 767 1077 794 1119; x_wconf 88' lang='lat' dir='ltr'>et</span> <span class='ocrx_word' id='word_1_60' title='bbox 811 1066 967 1118; x_wconf 81' lang='lat' dir='ltr'>inconcusse</span> <span class='ocrx_word' id='word_1_61' title='bbox 985 1067 1082 1134; x_wconf 74' lang='lat' dir='ltr'>seruari</span> <span class='ocrx_word' id='word_1_62' title='bbox 1109 1081 1157 1134; x_wconf 93' lang='lat' dir='ltr'>pro</span> <span class='ocrx_word' id='word_1_63' title='bbox 1184 1064 1244 1136; x_wconf 76' lang='lat' dir='ltr'>lege</span> <span class='ocrx_word' id='word_1_64' title='bbox 1271 1066 1405 1119; x_wconf 73' lang='lat' dir='ltr'>statutam</span> <span class='ocrx_word' id='word_1_65' title='bbox 1423 1083 1454 1120; x_wconf 89' lang='lat' dir='ltr'>ac</span> 
     </span>
     <span class='ocr_line' id='line_1_8' title="bbox 290 1151 1454 1224; baseline 0 -18"><span class='ocrx_word' id='word_1_66' title='bbox 290 1151 323 1206; x_wconf 90' lang='lat' dir='ltr'>de</span> <span class='ocrx_word' id='word_1_67' title='bbox 341 1153 403 1224; x_wconf 90' lang='lat' dir='ltr'>ipsis</span> <span class='ocrx_word' id='word_1_68' title='bbox 420 1153 522 1207; x_wconf 87' lang='lat' dir='ltr'>statutis</span> <span class='ocrx_word' id='word_1_69' title='bbox 539 1152 634 1207; x_wconf 82' lang='lat' dir='ltr'>confici</span> <span class='ocrx_word' id='word_1_70' title='bbox 661 1153 774 1208; x_wconf 84' lang='lat' dir='ltr'>debeant</span> <span class='ocrx_word' id='word_1_71' title='bbox 800 1153 904 1223; x_wconf 84' lang='lat' dir='ltr'>publicu</span> <span class='ocrx_word' id='word_1_72' title='bbox 931 1153 1114 1216; x_wconf 86' lang='lat' dir='ltr'>instrumenta,</span> <span class='ocrx_word' id='word_1_73' title='bbox 1144 1152 1196 1222; x_wconf 88' lang='lat' dir='ltr'>Ipsi</span> <span class='ocrx_word' id='word_1_74' title='bbox 1224 1152 1332 1222; x_wconf 87' lang='lat' dir='ltr'>quidem</span> <span class='ocrx_word' id='word_1_75' title='bbox 1351 1153 1454 1206; x_wconf 88' lang='lat' dir='ltr'>domini</span> 
     </span>
     <span class='ocr_line' id='line_1_9' title="bbox 290 1239 1454 1310; baseline 0 -16"><span class='ocrx_word' id='word_1_76' title='bbox 290 1239 428 1294; x_wconf 72' lang='lat' dir='ltr'><strong>Clanarius</strong></span> <span class='ocrx_word' id='word_1_77' title='bbox 454 1241 576 1295; x_wconf 81' lang='lat' dir='ltr'>consules</span> <span class='ocrx_word' id='word_1_78' title='bbox 602 1252 629 1294; x_wconf 85' lang='lat' dir='ltr'>et</span> <span class='ocrx_word' id='word_1_79' title='bbox 656 1240 826 1310; x_wconf 87' lang='lat' dir='ltr'>Credendarij</span> <span class='ocrx_word' id='word_1_80' title='bbox 856 1256 887 1294; x_wconf 83' lang='lat' dir='ltr'>ac</span> <span class='ocrx_word' id='word_1_81' title='bbox 913 1239 1044 1294; x_wconf 83' lang='lat' dir='ltr'>Consules</span> <span class='ocrx_word' id='word_1_82' title='bbox 1072 1239 1247 1310; x_wconf 85' lang='lat' dir='ltr'>paraticorum</span> <span class='ocrx_word' id='word_1_83' title='bbox 1277 1239 1454 1310; x_wconf 86' lang='lat' dir='ltr'>predictorum</span> 
     </span>
     <span class='ocr_line' id='line_1_10' title="bbox 290 1325 1456 1400; baseline 0 -20"><span class='ocrx_word' id='word_1_84' title='bbox 290 1343 385 1380; x_wconf 89' lang='lat' dir='ltr'>omnes</span> <span class='ocrx_word' id='word_1_85' title='bbox 402 1327 540 1400; x_wconf 79' lang='lat' dir='ltr'>unanimes</span> <span class='ocrx_word' id='word_1_86' title='bbox 558 1340 585 1381; x_wconf 89' lang='lat' dir='ltr'>ct</span> <span class='ocrx_word' id='word_1_87' title='bbox 601 1328 745 1381; x_wconf 82' lang='lat' dir='ltr'>concordes</span> <span class='ocrx_word' id='word_1_88' title='bbox 763 1327 838 1381; x_wconf 85' lang='lat' dir='ltr'>vissis</span> <span class='ocrx_word' id='word_1_89' title='bbox 856 1327 951 1380; x_wconf 87' lang='lat' dir='ltr'>auditis</span> <span class='ocrx_word' id='word_1_90' title='bbox 970 1339 996 1380; x_wconf 89' lang='lat' dir='ltr'>et</span> <span class='ocrx_word' id='word_1_91' title='bbox 1014 1327 1170 1380; x_wconf 74' lang='lat' dir='ltr'><strong>examinatis</strong></span> <span class='ocrx_word' id='word_1_92' title='bbox 1188 1325 1265 1380; x_wconf 86' lang='lat' dir='ltr'>dictis</span> <span class='ocrx_word' id='word_1_93' title='bbox 1290 1328 1392 1380; x_wconf 86' lang='lat' dir='ltr'>statutis</span> <span class='ocrx_word' id='word_1_94' title='bbox 1410 1343 1456 1397; x_wconf 88' lang='lat' dir='ltr'>per</span> 
     </span>
     <span class='ocr_line' id='line_1_11' title="bbox 291 1413 1456 1484; baseline 0.002 -17"><span class='ocrx_word' id='word_1_95' title='bbox 291 1431 335 1468; x_wconf 89' lang='lat' dir='ltr'>me</span> <span class='ocrx_word' id='word_1_96' title='bbox 353 1425 456 1484; x_wconf 88' lang='lat' dir='ltr'>petrum</span> <span class='ocrx_word' id='word_1_97' title='bbox 474 1416 508 1468; x_wconf 90' lang='lat' dir='ltr'>de</span> <span class='ocrx_word' id='word_1_98' title='bbox 526 1415 590 1468; x_wconf 88' lang='lat' dir='ltr'>leria</span> <span class='ocrx_word' id='word_1_99' title='bbox 608 1416 742 1469; x_wconf 83' lang='lat' dir='ltr'>notarium</span> <span class='ocrx_word' id='word_1_100' title='bbox 760 1415 798 1468; x_wconf 90' lang='lat' dir='ltr'>eis</span> <span class='ocrx_word' id='word_1_101' title='bbox 816 1414 890 1468; x_wconf 89' lang='lat' dir='ltr'>lectis</span> <span class='ocrx_word' id='word_1_102' title='bbox 909 1427 936 1468; x_wconf 90' lang='lat' dir='ltr'>ct</span> <span class='ocrx_word' id='word_1_103' title='bbox 953 1415 1111 1468; x_wconf 77' lang='lat' dir='ltr'>examinatis</span> <span class='ocrx_word' id='word_1_104' title='bbox 1129 1415 1222 1484; x_wconf 90' lang='lat' dir='ltr'>quein</span> <span class='ocrx_word' id='word_1_105' title='bbox 1234 1413 1272 1468; x_wconf 89' lang='lat' dir='ltr'>eis</span> <span class='ocrx_word' id='word_1_106' title='bbox 1285 1415 1456 1470; x_wconf 89' lang='lat' dir='ltr'>continentur</span> 
     </span>
     <span class='ocr_line' id='line_1_12' title="bbox 290 1501 1456 1572; baseline 0.003 -17"><span class='ocrx_word' id='word_1_107' title='bbox 290 1501 493 1572; x_wconf 83' lang='lat' dir='ltr'>Responderunt</span> <span class='ocrx_word' id='word_1_108' title='bbox 510 1514 605 1556; x_wconf 90' lang='lat' dir='ltr'>mutuo</span> <span class='ocrx_word' id='word_1_109' title='bbox 623 1503 755 1556; x_wconf 88' lang='lat' dir='ltr'>scrutineo</span> <span class='ocrx_word' id='word_1_110' title='bbox 774 1515 801 1557; x_wconf 88' lang='lat' dir='ltr'>et</span> <span class='ocrx_word' id='word_1_111' title='bbox 818 1515 921 1556; x_wconf 88' lang='lat' dir='ltr'>matura</span> <span class='ocrx_word' id='word_1_112' title='bbox 939 1502 1133 1556; x_wconf 77' lang='lat' dir='ltr'>deliberacione</span> <span class='ocrx_word' id='word_1_113' title='bbox 1152 1502 1295 1571; x_wconf 88' lang='lat' dir='ltr'>prehabitis</span> <span class='ocrx_word' id='word_1_114' title='bbox 1308 1504 1410 1556; x_wconf 90' lang='lat' dir='ltr'>bonum</span> <span class='ocrx_word' id='word_1_115' title='bbox 1429 1515 1456 1558; x_wconf 86' lang='lat' dir='ltr'>et</span> 
     </span>
     <span class='ocr_line' id='line_1_13' title="bbox 290 1587 1457 1660; baseline 0.002 -18"><span class='ocrx_word' id='word_1_116' title='bbox 290 1587 393 1643; x_wconf 87' lang='lat' dir='ltr'>salubre</span> <span class='ocrx_word' id='word_1_117' title='bbox 411 1588 468 1643; x_wconf 85' lang='lat' dir='ltr'>iore</span> <span class='ocrx_word' id='word_1_118' title='bbox 485 1589 555 1644; x_wconf 90' lang='lat' dir='ltr'>dicte</span> <span class='ocrx_word' id='word_1_119' title='bbox 571 1590 730 1644; x_wconf 85' lang='lat' dir='ltr'>comunitati</span> <span class='ocrx_word' id='word_1_120' title='bbox 748 1601 844 1644; x_wconf 88' lang='lat' dir='ltr'>statuta</span> <span class='ocrx_word' id='word_1_121' title='bbox 862 1591 917 1660; x_wconf 85' lang='lat' dir='ltr'>ipsa</span> <span class='ocrx_word' id='word_1_122' title='bbox 934 1590 1092 1643; x_wconf 85' lang='lat' dir='ltr'>inconcusse</span> <span class='ocrx_word' id='word_1_123' title='bbox 1113 1591 1209 1660; x_wconf 87' lang='lat' dir='ltr'>seruarj</span> <span class='ocrx_word' id='word_1_124' title='bbox 1230 1605 1277 1660; x_wconf 91' lang='lat' dir='ltr'>pro</span> <span class='ocrx_word' id='word_1_125' title='bbox 1301 1589 1360 1660; x_wconf 85' lang='lat' dir='ltr'>lege</span> <span class='ocrx_word' id='word_1_126' title='bbox 1378 1603 1457 1644; x_wconf 90' lang='lat' dir='ltr'>statu·</span> 
     </span>
     <span class='ocr_line' id='line_1_14' title="bbox 291 1675 1456 1748; baseline 0.002 -20"><span class='ocrx_word' id='word_1_127' title='bbox 291 1675 356 1728; x_wconf 88' lang='lat' dir='ltr'>taria</span> <span class='ocrx_word' id='word_1_128' title='bbox 373 1687 400 1729; x_wconf 87' lang='lat' dir='ltr'>et</span> <span class='ocrx_word' id='word_1_129' title='bbox 417 1675 567 1746; x_wconf 83' lang='lat' dir='ltr'>confirmari</span> <span class='ocrx_word' id='word_1_130' title='bbox 587 1692 618 1730; x_wconf 91' lang='lat' dir='ltr'>ac</span> <span class='ocrx_word' id='word_1_131' title='bbox 636 1675 749 1746; x_wconf 89' lang='lat' dir='ltr'>deipsis</span> <span class='ocrx_word' id='word_1_132' title='bbox 767 1677 852 1747; x_wconf 84' lang='lat' dir='ltr'>juberi</span> <span class='ocrx_word' id='word_1_133' title='bbox 875 1689 902 1730; x_wconf 89' lang='lat' dir='ltr'>et</span> <span class='ocrx_word' id='word_1_134' title='bbox 929 1675 985 1730; x_wconf 81' lang='lat' dir='ltr'>lieri</span> <span class='ocrx_word' id='word_1_135' title='bbox 1012 1675 1118 1747; x_wconf 88' lang='lat' dir='ltr'>publica</span> <span class='ocrx_word' id='word_1_136' title='bbox 1145 1677 1320 1730; x_wconf 86' lang='lat' dir='ltr'>instrumenta</span> <span class='ocrx_word' id='word_1_137' title='bbox 1338 1677 1371 1730; x_wconf 86' lang='lat' dir='ltr'>ad</span> <span class='ocrx_word' id='word_1_138' title='bbox 1389 1693 1456 1748; x_wconf 89' lang='lat' dir='ltr'>opus</span> 
     </span>
     <span class='ocr_line' id='line_1_15' title="bbox 291 1763 1456 1834; baseline 0.002 -18"><span class='ocrx_word' id='word_1_139' title='bbox 291 1779 405 1833; x_wconf 89' lang='lat' dir='ltr'>quorum</span> <span class='ocrx_word' id='word_1_140' title='bbox 423 1763 541 1817; x_wconf 89' lang='lat' dir='ltr'>intererit</span> <span class='ocrx_word' id='word_1_141' title='bbox 559 1764 667 1834; x_wconf 87' lang='lat' dir='ltr'>ipsaque</span> <span class='ocrx_word' id='word_1_142' title='bbox 684 1775 779 1816; x_wconf 88' lang='lat' dir='ltr'>statuta</span> <span class='ocrx_word' id='word_1_143' title='bbox 798 1776 876 1834; x_wconf 91' lang='lat' dir='ltr'>prout</span> <span class='ocrx_word' id='word_1_144' title='bbox 894 1764 922 1816; x_wconf 92' lang='lat' dir='ltr'>in</span> <span class='ocrx_word' id='word_1_145' title='bbox 941 1763 1010 1817; x_wconf 89' lang='lat' dir='ltr'>libro</span> <span class='ocrx_word' id='word_1_146' title='bbox 1039 1764 1234 1818; x_wconf 84' lang='lat' dir='ltr'>sacramentalis</span> <span class='ocrx_word' id='word_1_147' title='bbox 1253 1763 1316 1817; x_wconf 91' lang='lat' dir='ltr'>dicti</span> <span class='ocrx_word' id='word_1_148' title='bbox 1333 1765 1456 1819; x_wconf 90' lang='lat' dir='ltr'>comunis</span> 
     </span>
     <span class='ocr_line' id='line_1_16' title="bbox 291 1851 1456 1922; baseline 0.002 -18"><span class='ocrx_word' id='word_1_149' title='bbox 291 1863 353 1904; x_wconf 88' lang='lat' dir='ltr'>sunt</span> <span class='ocrx_word' id='word_1_150' title='bbox 370 1851 497 1922; x_wconf 81' lang='lat' dir='ltr'>descripta</span> <span class='ocrx_word' id='word_1_151' title='bbox 515 1853 726 1922; x_wconf 83' lang='lat' dir='ltr'>etincorporata</span> <span class='ocrx_word' id='word_1_152' title='bbox 743 1851 844 1904; x_wconf 83' lang='lat' dir='ltr'>Eorum</span> <span class='ocrx_word' id='word_1_153' title='bbox 864 1852 976 1922; x_wconf 78' lang='lat' dir='ltr'>propriis</span> <span class='ocrx_word' id='word_1_154' title='bbox 995 1852 1149 1905; x_wconf 87' lang='lat' dir='ltr'>nominibus</span> <span class='ocrx_word' id='word_1_155' title='bbox 1167 1869 1198 1906; x_wconf 89' lang='lat' dir='ltr'>ac</span> <span class='ocrx_word' id='word_1_156' title='bbox 1215 1852 1272 1906; x_wconf 83' lang='lat' dir='ltr'>vice</span> <span class='ocrx_word' id='word_1_157' title='bbox 1290 1865 1316 1906; x_wconf 89' lang='lat' dir='ltr'>et</span> <span class='ocrx_word' id='word_1_158' title='bbox 1345 1853 1456 1906; x_wconf 88' lang='lat' dir='ltr'>nomine</span> 
     </span>
     <span class='ocr_line' id='line_1_17' title="bbox 291 1937 1457 2008; baseline 0.003 -19"><span class='ocrx_word' id='word_1_159' title='bbox 291 1937 462 1992; x_wconf 88' lang='lat' dir='ltr'>comunitatis</span> <span class='ocrx_word' id='word_1_160' title='bbox 481 1950 507 1992; x_wconf 87' lang='lat' dir='ltr'>et</span> <span class='ocrx_word' id='word_1_161' title='bbox 525 1938 669 1992; x_wconf 91' lang='lat' dir='ltr'>hominum</span> <span class='ocrx_word' id='word_1_162' title='bbox 687 1937 751 1992; x_wconf 88' lang='lat' dir='ltr'>dicti</span> <span class='ocrx_word' id='word_1_163' title='bbox 770 1939 821 1992; x_wconf 89' lang='lat' dir='ltr'>loci</span> <span class='ocrx_word' id='word_1_164' title='bbox 840 1938 950 2008; x_wconf 82' lang='lat' dir='ltr'>bugelle</span> <span class='ocrx_word' id='word_1_165' title='bbox 978 1937 1213 1992; x_wconf 84' lang='lat' dir='ltr'>Confirmauerunt</span> <span class='ocrx_word' id='word_1_166' title='bbox 1239 1939 1412 1993; x_wconf 86' lang='lat' dir='ltr'>laudauerunt</span> <span class='ocrx_word' id='word_1_167' title='bbox 1430 1952 1457 1992; x_wconf 88' lang='lat' dir='ltr'>et</span> 
     </span>
     <span class='ocr_line' id='line_1_18' title="bbox 291 2024 1455 2096; baseline 0.002 -19"><span class='ocrx_word' id='word_1_168' title='bbox 291 2025 502 2094; x_wconf 84' lang='lat' dir='ltr'>approbauerunt</span> <span class='ocrx_word' id='word_1_169' title='bbox 519 2025 691 2096; x_wconf 75' lang='lat' dir='ltr'>precipientes</span> <span class='ocrx_word' id='word_1_170' title='bbox 709 2026 743 2078; x_wconf 88' lang='lat' dir='ltr'>de</span> <span class='ocrx_word' id='word_1_171' title='bbox 760 2026 893 2096; x_wconf 83' lang='lat' dir='ltr'>premissis</span> <span class='ocrx_word' id='word_1_172' title='bbox 910 2024 966 2078; x_wconf 83' lang='lat' dir='ltr'>lieri</span> <span class='ocrx_word' id='word_1_173' title='bbox 985 2041 1069 2078; x_wconf 82' lang='lat' dir='ltr'>vnum</span> <span class='ocrx_word' id='word_1_174' title='bbox 1086 2037 1113 2079; x_wconf 87' lang='lat' dir='ltr'>et</span> <span class='ocrx_word' id='word_1_175' title='bbox 1131 2025 1205 2095; x_wconf 93' lang='lat' dir='ltr'>plura</span> <span class='ocrx_word' id='word_1_176' title='bbox 1224 2025 1327 2096; x_wconf 85' lang='lat' dir='ltr'>publica</span> <span class='ocrx_word' id='word_1_177' title='bbox 1355 2027 1455 2079; x_wconf 86' lang='lat' dir='ltr'>instru-</span> 
     </span>
     <span class='ocr_line' id='line_1_19' title="bbox 292 2111 1457 2184; baseline 0.003 -19"><span class='ocrx_word' id='word_1_178' title='bbox 292 2125 381 2166; x_wconf 87' lang='lat' dir='ltr'>menta</span> <span class='ocrx_word' id='word_1_179' title='bbox 399 2130 445 2183; x_wconf 86' lang='lat' dir='ltr'>per</span> <span class='ocrx_word' id='word_1_180' title='bbox 463 2112 583 2168; x_wconf 87' lang='lat' dir='ltr'>nobilem</span> <span class='ocrx_word' id='word_1_181' title='bbox 601 2111 772 2167; x_wconf 84' lang='lat' dir='ltr'>Andrionum</span> <span class='ocrx_word' id='word_1_182' title='bbox 790 2129 972 2167; x_wconf 87' lang='lat' dir='ltr'>messeranum</span> <span class='ocrx_word' id='word_1_183' title='bbox 985 2129 1014 2167; x_wconf 89' lang='lat' dir='ltr'>ac</span> <span class='ocrx_word' id='word_1_184' title='bbox 1025 2129 1070 2167; x_wconf 88' lang='lat' dir='ltr'>rue</span> <span class='ocrx_word' id='word_1_185' title='bbox 1088 2125 1192 2184; x_wconf 87' lang='lat' dir='ltr'>petrum</span> <span class='ocrx_word' id='word_1_186' title='bbox 1212 2115 1246 2167; x_wconf 88' lang='lat' dir='ltr'>de</span> <span class='ocrx_word' id='word_1_187' title='bbox 1264 2113 1327 2167; x_wconf 80' lang='lat' dir='ltr'>ieris</span> <span class='ocrx_word' id='word_1_188' title='bbox 1339 2114 1457 2168; x_wconf 86' lang='lat' dir='ltr'>notarios</span> 
     </span>
     <span class='ocr_line' id='line_1_20' title="bbox 292 2199 1456 2272; baseline 0.001 -19"><span class='ocrx_word' id='word_1_189' title='bbox 292 2199 410 2269; x_wconf 89' lang='lat' dir='ltr'>publicos</span> <span class='ocrx_word' id='word_1_190' title='bbox 428 2201 461 2254; x_wconf 90' lang='lat' dir='ltr'>de</span> <span class='ocrx_word' id='word_1_191' title='bbox 479 2200 588 2272; x_wconf 76' lang='lat' dir='ltr'>bugella</span> <span class='ocrx_word' id='word_1_192' title='bbox 606 2217 636 2254; x_wconf 90' lang='lat' dir='ltr'>ac</span> <span class='ocrx_word' id='word_1_193' title='bbox 654 2201 763 2271; x_wconf 85' lang='lat' dir='ltr'>predicti</span> <span class='ocrx_word' id='word_1_194' title='bbox 781 2201 904 2255; x_wconf 87' lang='lat' dir='ltr'>comunis</span> <span class='ocrx_word' id='word_1_195' title='bbox 930 2201 1078 2255; x_wconf 71' lang='lat' dir='ltr'>conscribas</span> <span class='ocrx_word' id='word_1_196' title='bbox 1107 2201 1271 2270; x_wconf 77' lang='lat' dir='ltr'>presentibus</span> <span class='ocrx_word' id='word_1_197' title='bbox 1297 2201 1405 2255; x_wconf 87' lang='lat' dir='ltr'>testibus</span> <span class='ocrx_word' id='word_1_198' title='bbox 1423 2202 1456 2255; x_wconf 85' lang='lat' dir='ltr'>ad</span> 
     </span>
     <span class='ocr_line' id='line_1_21' title="bbox 292 2287 1456 2360; baseline 0.002 -20"><span class='ocrx_word' id='word_1_199' title='bbox 292 2287 341 2340; x_wconf 86' lang='lat' dir='ltr'>hec</span> <span class='ocrx_word' id='word_1_200' title='bbox 361 2287 461 2342; x_wconf 83' lang='lat' dir='ltr'>vocatis</span> <span class='ocrx_word' id='word_1_201' title='bbox 479 2299 505 2342; x_wconf 91' lang='lat' dir='ltr'>et</span> <span class='ocrx_word' id='word_1_202' title='bbox 523 2289 621 2358; x_wconf 78' lang='lat' dir='ltr'>rogatis</span> <span class='ocrx_word' id='word_1_203' title='bbox 640 2287 810 2342; x_wconf 75' lang='lat' dir='ltr'>bartolomeo</span> <span class='ocrx_word' id='word_1_204' title='bbox 828 2289 862 2342; x_wconf 88' lang='lat' dir='ltr'>de</span> <span class='ocrx_word' id='word_1_205' title='bbox 880 2289 962 2360; x_wconf 89' lang='lat' dir='ltr'>piono</span> <span class='ocrx_word' id='word_1_206' title='bbox 982 2301 1009 2342; x_wconf 87' lang='lat' dir='ltr'>et</span> <span class='ocrx_word' id='word_1_207' title='bbox 1026 2287 1147 2342; x_wconf 84' lang='lat' dir='ltr'>iohanne</span> <span class='ocrx_word' id='word_1_208' title='bbox 1164 2303 1300 2342; x_wconf 82' lang='lat' dir='ltr'>carramna</span> <span class='ocrx_word' id='word_1_209' title='bbox 1327 2289 1456 2342; x_wconf 88' lang='lat' dir='ltr'>ambobus</span> 
     </span>
     <span class='ocr_line' id='line_1_22' title="bbox 292 2375 871 2446; baseline 0.005 -18"><span class='ocrx_word' id='word_1_210' title='bbox 292 2375 325 2428; x_wconf 92' lang='lat' dir='ltr'>de</span> <span class='ocrx_word' id='word_1_211' title='bbox 344 2375 453 2446; x_wconf 75' lang='lat' dir='ltr'>bugella</span> <span class='ocrx_word' id='word_1_212' title='bbox 471 2377 642 2430; x_wconf 90' lang='lat' dir='ltr'>seruitoribus</span> <span class='ocrx_word' id='word_1_213' title='bbox 659 2377 722 2430; x_wconf 90' lang='lat' dir='ltr'>dicti</span> <span class='ocrx_word' id='word_1_214' title='bbox 741 2377 871 2430; x_wconf 80' lang='lat' dir='ltr'>comunis</span> 
     </span>
    </p>

    <p class='ocr_par' dir='ltr' id='par_1_3' title="bbox 292 2461 1457 2796">
     <span class='ocr_line' id='line_1_23' title="bbox 327 2461 1457 2535; baseline 0 -18"><span class='ocrx_word' id='word_1_215' title='bbox 327 2463 385 2534; x_wconf 78' lang='lat' dir='ltr'>Ego</span> <span class='ocrx_word' id='word_1_216' title='bbox 403 2463 557 2518; x_wconf 86' lang='lat' dir='ltr'>Andrionus</span> <span class='ocrx_word' id='word_1_217' title='bbox 575 2463 645 2517; x_wconf 86' lang='lat' dir='ltr'>filius</span> <span class='ocrx_word' id='word_1_218' title='bbox 662 2463 760 2516; x_wconf 86' lang='lat' dir='ltr'>nobilis</span> <span class='ocrx_word' id='word_1_219' title='bbox 778 2463 878 2517; x_wconf 86' lang='lat' dir='ltr'>iioffini</span> <span class='ocrx_word' id='word_1_220' title='bbox 897 2463 1039 2517; x_wconf 81' lang='lat' dir='ltr'>messerani</span> <span class='ocrx_word' id='word_1_221' title='bbox 1058 2461 1091 2517; x_wconf 91' lang='lat' dir='ltr'>de</span> <span class='ocrx_word' id='word_1_222' title='bbox 1109 2463 1221 2535; x_wconf 77' lang='lat' dir='ltr'>bugella</span> <span class='ocrx_word' id='word_1_223' title='bbox 1240 2462 1360 2534; x_wconf 90' lang='lat' dir='ltr'>publicus</span> <span class='ocrx_word' id='word_1_224' title='bbox 1374 2463 1457 2535; x_wconf 76' lang='lat' dir='ltr'>lmpe</span> 
     </span>
     <span class='ocr_line' id='line_1_24' title="bbox 292 2550 1457 2622; baseline 0.003 -20"><span class='ocrx_word' id='word_1_225' title='bbox 292 2550 348 2604; x_wconf 82' lang='lat' dir='ltr'>rirli</span> <span class='ocrx_word' id='word_1_226' title='bbox 367 2552 523 2606; x_wconf 87' lang='lat' dir='ltr'>auctoritate</span> <span class='ocrx_word' id='word_1_227' title='bbox 540 2551 659 2605; x_wconf 90' lang='lat' dir='ltr'>notarius</span> <span class='ocrx_word' id='word_1_228' title='bbox 676 2564 703 2606; x_wconf 87' lang='lat' dir='ltr'>et</span> <span class='ocrx_word' id='word_1_229' title='bbox 720 2551 804 2604; x_wconf 89' lang='lat' dir='ltr'>scriba</span> <span class='ocrx_word' id='word_1_230' title='bbox 822 2551 945 2604; x_wconf 88' lang='lat' dir='ltr'>comunis</span> <span class='ocrx_word' id='word_1_231' title='bbox 963 2550 1073 2622; x_wconf 81' lang='lat' dir='ltr'>bugelle</span> <span class='ocrx_word' id='word_1_232' title='bbox 1092 2551 1227 2622; x_wconf 86' lang='lat' dir='ltr'>premissis</span> <span class='ocrx_word' id='word_1_233' title='bbox 1239 2552 1304 2605; x_wconf 89' lang='lat' dir='ltr'>dum</span> <span class='ocrx_word' id='word_1_234' title='bbox 1317 2564 1457 2622; x_wconf 81' lang='lat' dir='ltr'>agerentur</span> 
     </span>
     <span class='ocr_line' id='line_1_25' title="bbox 292 2636 1457 2708; baseline 0.002 -18"><span class='ocrx_word' id='word_1_235' title='bbox 292 2637 398 2692; x_wconf 83' lang='lat' dir='ltr'>interlui</span> <span class='ocrx_word' id='word_1_236' title='bbox 416 2651 443 2692; x_wconf 90' lang='lat' dir='ltr'>ct</span> <span class='ocrx_word' id='word_1_237' title='bbox 460 2639 494 2692; x_wconf 89' lang='lat' dir='ltr'>de</span> <span class='ocrx_word' id='word_1_238' title='bbox 511 2637 690 2708; x_wconf 84' lang='lat' dir='ltr'>suprascriptis</span> <span class='ocrx_word' id='word_1_239' title='bbox 707 2639 810 2692; x_wconf 76' lang='lat' dir='ltr'>statiuis</span> <span class='ocrx_word' id='word_1_240' title='bbox 827 2653 879 2691; x_wconf 83' lang='lat' dir='ltr'>vm</span> <span class='ocrx_word' id='word_1_241' title='bbox 896 2653 959 2692; x_wconf 89' lang='lat' dir='ltr'>cum</span> <span class='ocrx_word' id='word_1_242' title='bbox 977 2636 1140 2708; x_wconf 74' lang='lat' dir='ltr'>inirmcripto</span> <span class='ocrx_word' id='word_1_243' title='bbox 1158 2638 1242 2692; x_wconf 89' lang='lat' dir='ltr'>nobili</span> <span class='ocrx_word' id='word_1_244' title='bbox 1258 2649 1333 2708; x_wconf 89' lang='lat' dir='ltr'>petro</span> <span class='ocrx_word' id='word_1_245' title='bbox 1348 2639 1382 2692; x_wconf 89' lang='lat' dir='ltr'>de</span> <span class='ocrx_word' id='word_1_246' title='bbox 1393 2639 1457 2692; x_wconf 83' lang='lat' dir='ltr'>leria</span> 
     </span>
     <span class='ocr_line' id='line_1_26' title="bbox 294 2725 1456 2796; baseline 0.001 -19"><span class='ocrx_word' id='word_1_247' title='bbox 294 2727 399 2778; x_wconf 73' lang='lat' dir='ltr'>nonrio</span> <span class='ocrx_word' id='word_1_248' title='bbox 417 2725 524 2796; x_wconf 92' lang='lat' dir='ltr'>publico</span> <span class='ocrx_word' id='word_1_249' title='bbox 542 2737 568 2778; x_wconf 89' lang='lat' dir='ltr'>et</span> <span class='ocrx_word' id='word_1_250' title='bbox 586 2725 649 2778; x_wconf 90' lang='lat' dir='ltr'>dicti</span> <span class='ocrx_word' id='word_1_251' title='bbox 667 2725 790 2778; x_wconf 90' lang='lat' dir='ltr'>comunis</span> <span class='ocrx_word' id='word_1_252' title='bbox 816 2725 952 2778; x_wconf 79' lang='lat' dir='ltr'>conscribe</span> <span class='ocrx_word' id='word_1_253' title='bbox 979 2725 1115 2796; x_wconf 89' lang='lat' dir='ltr'>pubiicum</span> <span class='ocrx_word' id='word_1_254' title='bbox 1144 2725 1353 2778; x_wconf 88' lang='lat' dir='ltr'>Instrumentum</span> <span class='ocrx_word' id='word_1_255' title='bbox 1371 2726 1456 2796; x_wconf 84' lang='lat' dir='ltr'>recepi</span> 
     </span>
    </p>
   </div>
   <div class='ocr_carea' id='block_1_3' title="bbox 292 2811 1457 2972">
    <p class='ocr_par' dir='ltr' id='par_1_4' title="bbox 292 2811 1457 2972">
     <span class='ocr_line' id='line_1_27' title="bbox 292 2811 1456 2884; baseline 0 -18"><span class='ocrx_word' id='word_1_256' title='bbox 292 2811 326 2866; x_wconf 88' lang='lat' dir='ltr'>Et</span> <span class='ocrx_word' id='word_1_257' title='bbox 343 2813 371 2866; x_wconf 90' lang='lat' dir='ltr'>in</span> <span class='ocrx_word' id='word_1_258' title='bbox 390 2813 443 2866; x_wconf 90' lang='lat' dir='ltr'>boc</span> <span class='ocrx_word' id='word_1_259' title='bbox 464 2813 603 2866; x_wconf 81' lang='lat' dir='ltr'>volumine</span> <span class='ocrx_word' id='word_1_260' title='bbox 628 2823 787 2866; x_wconf 86' lang='lat' dir='ltr'>statutorum</span> <span class='ocrx_word' id='word_1_261' title='bbox 814 2815 941 2867; x_wconf 87' lang='lat' dir='ltr'>mandato</span> <span class='ocrx_word' id='word_1_262' title='bbox 968 2811 1061 2884; x_wconf 78' lang='lat' dir='ltr'>prefati</span> <span class='ocrx_word' id='word_1_263' title='bbox 1089 2813 1193 2866; x_wconf 89' lang='lat' dir='ltr'>domini</span> <span class='ocrx_word' id='word_1_264' title='bbox 1222 2812 1338 2884; x_wconf 75' lang='lat' dir='ltr'>Clanarij</span> <span class='ocrx_word' id='word_1_265' title='bbox 1367 2813 1456 2884; x_wconf 84' lang='lat' dir='ltr'>scripsi</span> 
     </span>
     <span class='ocr_line' id='line_1_28' title="bbox 293 2899 1457 2972; baseline 0.001 -18"><span class='ocrx_word' id='word_1_266' title='bbox 293 2899 397 2970; x_wconf 86' lang='lat' dir='ltr'>propria</span> <span class='ocrx_word' id='word_1_267' title='bbox 415 2916 498 2954; x_wconf 90' lang='lat' dir='ltr'>mauu</span> <span class='ocrx_word' id='word_1_268' title='bbox 516 2915 578 2954; x_wconf 89' lang='lat' dir='ltr'>cum</span> <span class='ocrx_word' id='word_1_269' title='bbox 595 2901 762 2970; x_wconf 85' lang='lat' dir='ltr'>appositione</span> <span class='ocrx_word' id='word_1_270' title='bbox 780 2899 898 2954; x_wconf 89' lang='lat' dir='ltr'>nominis</span> <span class='ocrx_word' id='word_1_271' title='bbox 916 2911 944 2954; x_wconf 86' lang='lat' dir='ltr'>et</span> <span class='ocrx_word' id='word_1_272' title='bbox 961 2900 1031 2972; x_wconf 78' lang='lat' dir='ltr'>signi</span> <span class='ocrx_word' id='word_1_273' title='bbox 1050 2917 1173 2954; x_wconf 87' lang='lat' dir='ltr'>meorum</span> <span class='ocrx_word' id='word_1_274' title='bbox 1191 2900 1333 2955; x_wconf 91' lang='lat' dir='ltr'>solitorum</span> <span class='ocrx_word' id='word_1_275' title='bbox 1351 2900 1384 2955; x_wconf 88' lang='lat' dir='ltr'>ad</span> <span class='ocrx_word' id='word_1_276' title='bbox 1403 2917 1457 2972; x_wconf 89' lang='lat' dir='ltr'>per·</span> 
     </span>
    </p>
   </div>
   <div class='ocr_carea' id='block_1_4' title="bbox 294 2987 1457 3144">
    <p class='ocr_par' dir='ltr' id='par_1_5' title="bbox 294 2987 1457 3144">
     <span class='ocr_line' id='line_1_29' title="bbox 294 2987 650 3058; baseline 0 -17"><span class='ocrx_word' id='word_1_277' title='bbox 294 2997 401 3055; x_wconf 83' lang='lat' dir='ltr'>petuam</span> <span class='ocrx_word' id='word_1_278' title='bbox 419 3003 465 3058; x_wconf 84' lang='lat' dir='ltr'>rey</span> <span class='ocrx_word' id='word_1_279' title='bbox 483 2987 650 3042; x_wconf 86' lang='lat' dir='ltr'>memoriam.</span> 
     </span>
     <span class='ocr_line' id='line_1_30' title="bbox 330 3071 1457 3144; baseline 0.004 -19"><span class='ocrx_word' id='word_1_280' title='bbox 330 3071 389 3142; x_wconf 78' lang='lat' dir='ltr'>Ego</span> <span class='ocrx_word' id='word_1_281' title='bbox 407 3085 495 3143; x_wconf 90' lang='lat' dir='ltr'>petrus</span> <span class='ocrx_word' id='word_1_282' title='bbox 513 3073 583 3128; x_wconf 86' lang='lat' dir='ltr'>filius</span> <span class='ocrx_word' id='word_1_283' title='bbox 600 3073 699 3128; x_wconf 90' lang='lat' dir='ltr'>nobilis</span> <span class='ocrx_word' id='word_1_284' title='bbox 717 3075 879 3129; x_wconf 89' lang='lat' dir='ltr'>bartolomei</span> <span class='ocrx_word' id='word_1_285' title='bbox 897 3074 931 3129; x_wconf 93' lang='lat' dir='ltr'>de</span> <span class='ocrx_word' id='word_1_286' title='bbox 949 3073 1012 3128; x_wconf 87' lang='lat' dir='ltr'>leria</span> <span class='ocrx_word' id='word_1_287' title='bbox 1030 3074 1064 3127; x_wconf 87' lang='lat' dir='ltr'>de</span> <span class='ocrx_word' id='word_1_288' title='bbox 1082 3073 1187 3144; x_wconf 77' lang='lat' dir='ltr'>bugella</span> <span class='ocrx_word' id='word_1_289' title='bbox 1201 3073 1320 3128; x_wconf 87' lang='lat' dir='ltr'>notarius</span> <span class='ocrx_word' id='word_1_290' title='bbox 1338 3073 1457 3144; x_wconf 89' lang='lat' dir='ltr'>publicus</span> 
     </span>
    </p>
   </div>
   <div class='ocr_carea' id='block_1_5' title="bbox 293 3159 1458 3492">
    <p class='ocr_par' dir='ltr' id='par_1_6' title="bbox 293 3159 1458 3492">
     <span class='ocr_line' id='line_1_31' title="bbox 296 3159 1456 3232; baseline 0.003 -20"><span class='ocrx_word' id='word_1_291' title='bbox 296 3171 322 3212; x_wconf 90' lang='lat' dir='ltr'>et</span> <span class='ocrx_word' id='word_1_292' title='bbox 341 3159 475 3214; x_wconf 87' lang='lat' dir='ltr'>conscriba</span> <span class='ocrx_word' id='word_1_293' title='bbox 492 3161 615 3214; x_wconf 86' lang='lat' dir='ltr'>comunis</span> <span class='ocrx_word' id='word_1_294' title='bbox 634 3161 740 3232; x_wconf 78' lang='lat' dir='ltr'>bugelle</span> <span class='ocrx_word' id='word_1_295' title='bbox 757 3163 890 3232; x_wconf 88' lang='lat' dir='ltr'>premissis</span> <span class='ocrx_word' id='word_1_296' title='bbox 908 3161 1034 3214; x_wconf 89' lang='lat' dir='ltr'>omnibus</span> <span class='ocrx_word' id='word_1_297' title='bbox 1052 3159 1159 3214; x_wconf 84' lang='lat' dir='ltr'>interlui</span> <span class='ocrx_word' id='word_1_298' title='bbox 1177 3173 1204 3214; x_wconf 90' lang='lat' dir='ltr'>ct</span> <span class='ocrx_word' id='word_1_299' title='bbox 1221 3161 1274 3214; x_wconf 90' lang='lat' dir='ltr'>hoc</span> <span class='ocrx_word' id='word_1_300' title='bbox 1292 3161 1456 3216; x_wconf 85' lang='lat' dir='ltr'>instrumen-</span> 
     </span>
     <span class='ocr_line' id='line_1_32' title="bbox 295 3247 1456 3318; baseline 0.002 -18"><span class='ocrx_word' id='word_1_301' title='bbox 295 3257 353 3300; x_wconf 86' lang='lat' dir='ltr'>tum</span> <span class='ocrx_word' id='word_1_302' title='bbox 371 3263 423 3300; x_wconf 83' lang='lat' dir='ltr'>vna</span> <span class='ocrx_word' id='word_1_303' title='bbox 441 3263 503 3300; x_wconf 88' lang='lat' dir='ltr'>cum</span> <span class='ocrx_word' id='word_1_304' title='bbox 521 3247 695 3318; x_wconf 87' lang='lat' dir='ltr'>suprascripto</span> <span class='ocrx_word' id='word_1_305' title='bbox 713 3249 796 3302; x_wconf 88' lang='lat' dir='ltr'>nobili</span> <span class='ocrx_word' id='word_1_306' title='bbox 816 3249 957 3302; x_wconf 81' lang='lat' dir='ltr'>Andriono</span> <span class='ocrx_word' id='word_1_307' title='bbox 975 3263 1127 3302; x_wconf 78' lang='lat' dir='ltr'>merserano</span> <span class='ocrx_word' id='word_1_308' title='bbox 1155 3247 1274 3318; x_wconf 78' lang='lat' dir='ltr'>Rogams</span> <span class='ocrx_word' id='word_1_309' title='bbox 1292 3247 1377 3316; x_wconf 83' lang='lat' dir='ltr'>recepi</span> <span class='ocrx_word' id='word_1_310' title='bbox 1395 3263 1456 3318; x_wconf 90' lang='lat' dir='ltr'>pre-</span> 
     </span>
     <span class='ocr_line' id='line_1_33' title="bbox 295 3333 1458 3406; baseline 0.003 -20"><span class='ocrx_word' id='word_1_311' title='bbox 295 3334 417 3404; x_wconf 89' lang='lat' dir='ltr'>dictaque</span> <span class='ocrx_word' id='word_1_312' title='bbox 435 3349 517 3388; x_wconf 88' lang='lat' dir='ltr'>mauu</span> <span class='ocrx_word' id='word_1_313' title='bbox 535 3335 599 3388; x_wconf 89' lang='lat' dir='ltr'>dicti</span> <span class='ocrx_word' id='word_1_314' title='bbox 617 3335 749 3390; x_wconf 82' lang='lat' dir='ltr'>Andrioni</span> <span class='ocrx_word' id='word_1_315' title='bbox 768 3335 846 3390; x_wconf 87' lang='lat' dir='ltr'>scribi</span> <span class='ocrx_word' id='word_1_316' title='bbox 864 3333 914 3388; x_wconf 86' lang='lat' dir='ltr'>ieci</span> <span class='ocrx_word' id='word_1_317' title='bbox 932 3347 958 3388; x_wconf 90' lang='lat' dir='ltr'>et</span> <span class='ocrx_word' id='word_1_318' title='bbox 976 3351 1021 3390; x_wconf 90' lang='lat' dir='ltr'>me</span> <span class='ocrx_word' id='word_1_319' title='bbox 1038 3333 1177 3406; x_wconf 85' lang='lat' dir='ltr'>subscripsi</span> <span class='ocrx_word' id='word_1_320' title='bbox 1203 3350 1266 3390; x_wconf 87' lang='lat' dir='ltr'>cum</span> <span class='ocrx_word' id='word_1_321' title='bbox 1293 3335 1458 3405; x_wconf 84' lang='lat' dir='ltr'>appositione</span> 
     </span>
     <span class='ocr_line' id='line_1_34' title="bbox 293 3421 533 3492; baseline -0.004 -16"><span class='ocrx_word' id='word_1_322' title='bbox 293 3421 364 3476; x_wconf 89' lang='lat' dir='ltr'>soliti</span> <span class='ocrx_word' id='word_1_323' title='bbox 382 3422 452 3492; x_wconf 76' lang='lat' dir='ltr'>signi</span> <span class='ocrx_word' id='word_1_324' title='bbox 470 3421 533 3476; x_wconf 87' lang='lat' dir='ltr'>mei.</span> 
     </span>
    </p>
   </div>
   <div class='ocr_carea' id='block_1_6' title="bbox 0 0 1977 5542">
    <p class='ocr_par' dir='ltr' id='par_1_7' title="bbox 0 0 1977 5542">
     <span class='ocr_line' id='line_1_35' title="bbox 0 0 1977 5542; baseline 0 0"><span class='ocrx_word' id='word_1_325' title='bbox 0 0 1977 5542; x_wconf 95' lang='lat' dir='ltr'> </span> 
     </span>
    </p>
   </div>
  </div>
 </body>
</html>
