3926 5542
529 527 580 566 202

523 647 549 688 et
568 635 822 704 condampnationes
841 647 867 688 et
885 635 930 706 qui
943 637 1011 689 cerei
1028 647 1165 706 portentur
1178 636 1210 688 ad
1223 636 1334 706 exequia
1346 647 1451 690 tantum
1464 635 1573 690 illorum
1582 637 1627 708 qui
1639 637 1693 690 lue.

524 723 576 775 rint
594 723 628 776 de
645 724 696 775 isto
715 723 829 791 paratico
847 723 905 776 siue
923 723 1047 793 Collegio
1066 735 1092 776 et
1110 723 1181 788 alibi,
1200 723 1251 777 Vbi
1270 741 1317 794 per
1344 723 1498 793 Collegium
1529 723 1607 776 suerit
1624 723 1693 778 ordi·

523 821 624 862 natum.
644 809 677 862 Et
695 809 841 879 specialiter
859 810 914 862 duo
932 827 965 863 ex
983 811 1060 864 dictis
1079 809 1222 864 brandonis
1241 811 1338 880 portari
1357 811 1470 865 debeant
1497 829 1543 882 per
1561 809 1693 864 Consules

522 897 550 950 in
569 897 636 950 sesto
654 899 770 967 corporis
788 897 886 951 christi.
905 897 939 950 Et
957 897 1055 952 babere
1073 898 1171 952 librum
1189 915 1273 951 vnum
1293 899 1322 950 in
1341 915 1395 968 quo
1409 899 1462 952 sint
1473 899 1568 969 scripta
1580 898 1692 952 nomina

522 985 668 1038 hominum
686 987 719 1038 de
736 987 789 1038 isto
807 987 922 1054 pararito
941 999 967 1038 et
985 986 1110 1056 Collegio
1128 997 1154 1038 et
1174 986 1289 1040 aliorum
1308 987 1341 1038 de
1361 985 1483 1040 Consilio
1496 985 1647 1040 Consulum
1666 999 1692 1040 et

523 1085 636 1142 quatuor
654 1072 697 1126 uel
715 1089 761 1126 sex
779 1073 813 1126 de
831 1073 899 1126 Aliis
918 1073 963 1126 ubi
982 1074 1092 1144 quilibet
1110 1075 1156 1144 qui
1175 1085 1214 1128 est
1232 1075 1266 1127 de
1295 1073 1420 1144 Collegio
1450 1085 1476 1126 et
1506 1074 1646 1144 recipietur
1663 1075 1690 1126 in

523 1160 640 1213 futurum
659 1176 720 1214 cum
740 1161 905 1230 appositione
923 1161 993 1230 signi
1012 1161 1052 1214 sui
1071 1178 1099 1214 se
1117 1161 1268 1214 subscribat.

561 1333 601 1388 30.
619 1318 687 1372 Item
705 1319 838 1373 Statutum
857 1333 904 1373 est.
923 1321 1005 1385 Quod
1024 1321 1134 1391 quilibet
1151 1321 1277 1374 Notarius
1294 1321 1342 1392 qui
1358 1321 1495 1374 vocabitur
1521 1321 1554 1374 ad
1583 1320 1691 1392 aliquod

523 1405 727 1460 Testamentum
745 1407 788 1460 uel
806 1409 840 1460 ad
858 1408 974 1479 aliquem
992 1421 1157 1462 contractum
1176 1408 1371 1463 conficiendum
1390 1410 1413 1462 si
1431 1409 1563 1462 videbitur
1579 1409 1692 1462 Notario

523 1496 595 1564 quod
613 1495 647 1547 sit
664 1493 867 1549 Testamentum
888 1497 931 1550 uel
950 1509 1100 1551 contractus
1119 1497 1165 1567 qui
1185 1497 1245 1550 licet
1264 1513 1320 1550 non
1341 1497 1464 1568 postulet,
1491 1497 1585 1550 debeat
1612 1509 1639 1550 et
1656 1509 1692 1550 te·

523 1595 636 1636 deantur
653 1582 782 1636 aduocare
800 1584 878 1638 illum
895 1585 942 1655 qui
960 1603 1022 1638 eum
1042 1585 1177 1639 uocauerit
1196 1597 1225 1638 ut
1243 1585 1339 1638 habeat
1357 1585 1473 1656 aliquem
1492 1585 1567 1638 cuius
1579 1585 1691 1638 consilio

523 1671 627 1724 ditetur.
757 1669 762 1678 '

562 1847 603 1902 31.
621 1833 688 1886 Item
706 1832 840 1886 Statumm
859 1844 905 1884 est.
925 1831 1008 1893 Quod
1026 1832 1137 1903 quilibet
1154 1833 1279 1886 Notarius
1297 1844 1417 1886 teneatur
1429 1844 1455 1885 et
1467 1832 1561 1885 debeat
1578 1831 1616 1884 ire
1634 1831 1691 1886 siue

523 1921 649 1973 interesse
661 1921 693 1974 ad
706 1921 829 1990 exequias
842 1912 952 1972 alicuius
965 1919 1061 1972 Iudicis
1075 1919 1117 1972 uel
1130 1920 1233 1990 Notarij
1246 1920 1327 1973 huius
1340 1919 1453 1989 Collegij
1468 1931 1494 1972 et
1504 1920 1537 1972 ad
1546 1918 1691 1990 quemlibet

524 2009 557 2062 de
575 2025 621 2060 sua
640 2007 748 2073 familia,
767 2025 781 2060 a
800 2019 901 2078 septem
921 2007 1007 2060 Annis
1026 2024 1101 2077 supra
1121 2009 1307 2062 ascendentem
1326 2009 1528 2060 descendentem
1551 2019 1577 2060 et
1595 2005 1690 2060 Colla-

523 2097 632 2149 teralem
651 2108 678 2149 et
696 2097 729 2148 de
747 2095 951 2149 collateralibus
969 2096 1133 2166 intelligatur
1151 2098 1184 2149 de
1202 2095 1254 2148 illis
1272 2097 1318 2166 qui
1337 2095 1487 2148 comuniter
1514 2096 1691 2148 habitauerint

523 2185 551 2236 io
570 2185 664 2237 eadem
682 2183 765 2236 domo
783 2185 829 2253 qui
848 2184 880 2235 ab
899 2183 952 2236 hoc
971 2185 1061 2237 seculo
1079 2185 1252 2254 migraverint
1273 2199 1320 2253 pro
1338 2184 1442 2236 honore
1461 2183 1582 2235 faciendo
1601 2183 1649 2236 sibi
1668 2183 1691 2235 si

523 2271 628 2325 sciuerit
646 2272 689 2324 uel
708 2271 848 2342 requisitus
866 2271 944 2324 fuerit
965 2287 1011 2340 per
1031 2273 1164 2326 Consules
1184 2271 1226 2324 uel
1246 2289 1292 2342 per
1309 2270 1424 2340 aliquem
1444 2287 1537 2323 eorum
1556 2271 1690 2323 nuntium.

523 2361 556 2413 Et
574 2359 620 2430 qui
638 2359 819 2412 contrafecerit
837 2359 923 2411 soluat
952 2361 1070 2412 bannum
1100 2377 1147 2430 pro
1165 2360 1281 2429 qualibet
1299 2360 1356 2410 tice
1379 2359 1427 2410 sol.
1446 2359 1538 2411 decem
1557 2375 1599 2428 pp.
1618 2357 1652 2410 Et
1669 2358 1691 2410 si

523 2447 656 2500 recesserit
673 2447 731 2500 sine
749 2447 860 2500 alicuius
878 2447 912 2500 de
930 2448 1052 2516 predictis
1071 2447 1234 2502 Consulibus
1252 2447 1358 2500 licentia
1376 2445 1463 2499 soluat
1480 2447 1552 2499 idem
1563 2447 1690 2500 bannum.

523 2536 556 2588 Et
575 2535 620 2588 ille
638 2536 756 2588 notarius
776 2536 821 2605 qui
841 2537 1012 2588 recussauerit
1030 2553 1092 2588 eum
1111 2547 1222 2606 portare,
1241 2548 1381 2606 postquam
1399 2535 1424 2587 ei
1444 2546 1595 2604 preceptum
1614 2533 1692 2586 fuerit

524 2639 570 2692 per
587 2622 703 2693 aliquem
722 2641 755 2675 ex
774 2620 936 2675 Consulibus
954 2623 998 2674 uel
1017 2639 1111 2676 eorum
1130 2624 1230 2676 nuncio
1248 2623 1334 2675 soluat
1345 2621 1461 2692 qualibet
1479 2623 1536 2674 vice
1547 2621 1647 2674 solidos
1656 2621 1693 2672 vi·

523 2709 591 2780 ginri
601 2726 643 2779 pp.
649 2709 691 2762 De
698 2725 752 2779 quo
758 2709 846 2762 banno
857 2708 987 2762 Consules
998 2726 1052 2762 non
1063 2710 1165 2780 possint
1175 2708 1258 2762 iacere
1267 2710 1379 2778 gratim
1389 2709 1439 2762 nisi
1451 2707 1517 2761 soret
1526 2709 1596 2760 iusta
1605 2724 1692 2770 causa,
1787 2753 1794 2768 ,

523 2811 551 2850 et
567 2798 692 2850 Notarius
710 2797 767 2850 siue
786 2797 867 2849 ludex
885 2809 1005 2850 teneatur
1022 2809 1127 2867 portare
1144 2798 1257 2850 cadauer
1276 2797 1372 2849 Iudicis
1393 2796 1436 2849 uel
1454 2797 1547 2849 Notati
1566 2807 1593 2850 et
1610 2796 1691 2848 etiam

524 2884 608 2938 iacere
625 2898 762 2956 sumptum
779 2884 878 2938 funeris
896 2885 917 2937 si
936 2887 1062 2939 Notarius
1081 2885 1121 2938 uel
1142 2886 1225 2938 Iudex
1244 2903 1299 2938 non
1318 2886 1427 2938 haberet
1444 2886 1514 2938 vnde
1533 2883 1613 2937 fieret.

562 3058 602 3113 32.
621 3043 688 3098 Item
707 3043 846 3096 Statutum
865 3055 912 3096 est.
932 3044 1016 3106 Quod
1034 3043 1056 3097 si
1075 3043 1212 3113 contingat
1232 3043 1348 3113 aliquem
1360 3043 1501 3096 Notarium
1514 3044 1547 3096 de
1559 3041 1692 3112 Collegio,

522 3132 620 3185 habere
637 3132 756 3202 aliquam
777 3149 883 3184 causam
907 3133 1039 3202 propriam
1057 3132 1166 3184 ciuilem
1184 3132 1242 3185 siue
1259 3131 1425 3184 criminalem
1453 3148 1506 3201 que
1531 3132 1646 3200 agitetur
1663 3130 1691 3184 in

524 3220 605 3274 Cun'a
623 3220 730 3273 domini
749 3219 872 3289 Episcopi
890 3237 936 3272 seu
955 3220 1095 3272 Potestatis
1114 3220 1224 3288 bugelle
1236 3219 1276 3272 vel
1291 3237 1380 3273 coram
1395 3219 1556 3272 Consulibus
1569 3219 1692 3272 comunis

524 3307 641 3378 Bugelle.
660 3308 743 3371 Quod
762 3324 809 3377 pro
827 3307 880 3376 hijs
898 3308 1061 3376 processibus
1079 3307 1125 3377 qui
1144 3307 1208 3360 fient
1226 3319 1272 3360 aut
1299 3307 1445 3361 scribentur
1473 3325 1518 3377 per
1540 3307 1691 3370 Notarium,

523 3396 569 3466 qui
587 3407 651 3448 mnc
669 3395 784 3449 offitium
803 3395 947 3449 exercuerit
965 3395 1039 3449 nulla
1056 3394 1155 3448 solutio
1173 3396 1300 3465 exigatur.

563 3569 603 3622 33.
623 3555 690 3607 Item
708 3555 842 3608 Statumm
862 3567 908 3606 est.
927 3553 1011 3616 Quod
1030 3553 1140 3624 quilibet
1158 3554 1283 3606 Notarius
1301 3555 1335 3607 de
1352 3567 1440 3608 cetero
1459 3567 1579 3608 teneatur
1605 3568 1632 3608 et
1650 3557 1693 3609 de·

525 3643 584 3696 beat
603 3660 736 3696 accussare
755 3642 916 3695 Consulibus
935 3641 1011 3694 illum
1031 3642 1073 3694 uel
1096 3642 1160 3695 lllos
1173 3643 1206 3694 de
1219 3643 1343 3712 Notarijs,
1356 3659 1437 3712 quem
1451 3643 1492 3696 uel
1507 3659 1573 3714 quos
1586 3643 1691 3696 sciuerit

524 3729 608 3784 iacere
627 3743 718 3784 contra
737 3731 871 3784 Statutum
890 3730 998 3800 aliquod
1017 3730 1060 3782 uel
1080 3729 1305 3783 Ordinamentum
1333 3732 1506 3784 Notariorum
1534 3733 1583 3784 sub
1602 3733 1691 3784 banno

523 3819 577 3873 sols
591 3820 709 3890 quinque
727 3837 769 3890 pp.
788 3835 855 3890 quos
874 3818 996 3872 denarios
1013 3819 1107 3871 debeat
1126 3817 1231 3872 soluere
1249 3820 1350 3872 tociens
1361 3820 1487 3890 quociens
1501 3818 1691 3882 contrafecerit,

523 3909 545 3960 si
564 3906 734 3961 manifestum
753 3907 830 3960 luerit
856 3907 919 3976 ipsis
946 3905 1109 3960 Consulibus
1136 3919 1163 3959 et
1190 3907 1321 3960 Consules
1348 3919 1488 3961 teneantur
1505 3909 1691 3961 Acussatorem

524 4009 614 4050 tenere
632 3997 765 4067 priuatum
783 4008 810 4048 et
827 3995 959 4064 inquirere
977 3994 1125 4064 diligenter.

562 4171 601 4224 34.
622 4157 832 4209 ltemStatutum
851 4167 877 4207 et
895 4155 1048 4207 ordinatum
1067 4167 1113 4207 est.
1133 4155 1215 4217 Quod
1235 4153 1366 4206 Consules
1384 4155 1458 4206 istius
1476 4153 1591 4223 Collegij
1606 4169 1691 4223 perse

524 4241 567 4295 uel
587 4260 633 4311 per
651 4259 744 4295 eorum
764 4243 876 4296 nuncios
895 4243 1008 4294 debeant
1026 4255 1052 4293 et
1070 4253 1209 4294 teneantur
1227 4253 1347 4309 tempore
1356 4257 1450 4293 eorum
1464 4240 1615 4294 consulatus
1625 4257 1692 4294 sem·

524 4348 570 4402 per
588 4331 747 4400 quibuslibet
765 4341 878 4400 quatuor
897 4330 1033 4382 mensibus
1052 4345 1201 4383 conuocare
1219 4341 1245 4381 et
1263 4328 1372 4382 insimul
1382 4329 1478 4382 habere
1490 4329 1628 4382 omnesde
1639 4330 1689 4384 isto
