3978 5546
1425 530 1458 588 43

295 613 409 690 illorum⁸
421 635 468 707 qui
487 634 586 690 iaciunt
594 636 693 708 signari
711 649 736 692 et
755 653 897 694 numerum
915 655 1118 695 merasurarum.
1130 639 1173 710 (1)
1185 637 1304 705 Quodsi
1322 657 1378 696 non
1396 639 1461 696 lece·

295 723 349 777 rint
366 723 472 779 soluant
489 741 538 796 pro
555 724 675 796 quolibet
693 738 855 780 assumatore
873 743 921 798 pro
939 728 1036 783 banno.
1054 727 1103 784 sol.
1122 727 1155 782 X.
1174 745 1217 800 pp.
1236 729 1279 800 (r)
1304 742 1332 784 et
1348 729 1462 783 debeant

294 811 412 882 signasse
423 811 491 867 inira
503 812 669 868 natiuitatem
681 814 792 868 domini.
806 815 840 870 Et
853 828 942 887 postea
954 815 1075 871 consuler
1088 828 1227 872 teneantur
1238 816 1336 888 eligere
1347 827 1462 890 quatuor

294 899 424 970 sapientes
441 899 487 973 qui
505 901 559 956 sint
576 917 638 956 cum
656 901 694 956 eis
711 903 744 955 ad
763 902 969 958 examinandum
982 915 1008 958 et
1021 903 1246 976 prouidandumsi
1260 905 1363 976 integre
1375 920 1461 958 mens·

294 1002 354 1040 sure
372 986 469 1042 luerint
486 989 597 1060 signate.
624 989 657 1044 Et
675 989 697 1043 si
715 991 871 1061 reperiretur
900 990 994 1064 aliquis
1012 1008 1067 1046 non
1085 991 1176 1046 fecisse
1194 991 1291 1063 signari
1310 993 1356 1065 qui
1374 1005 1461 1048 matur

295 1076 438 1130 menssuris
455 1077 488 1130 ad
507 1077 676 1132 vendendum
694 1091 721 1132 et
739 1080 885 1132 emendum
902 1079 988 1134 soluat
1006 1095 1054 1150 pro
1072 1079 1190 1151 qualibet
1208 1096 1344 1134 menssura
1359 1079 1407 1134 sol.
1426 1079 1459 1134 V.

293 1178 335 1232 pp.
354 1173 381 1216 et
399 1161 464 1217 illud
482 1163 555 1218 idem
573 1164 730 1237 intelligitur
747 1167 781 1220 de
798 1166 899 1220 stateris
917 1179 944 1220 et
975 1165 1098 1220 marchis.
1126 1179 1153 1220 et
1181 1165 1303 1220 consules
1321 1178 1460 1222 teneantur

293 1247 332 1302 ire
350 1250 505 1322 requisitum
524 1252 609 1308 bisin
628 1270 700 1308 anno
718 1271 750 1308 ex
768 1253 915 1324 improuiso
934 1270 1028 1308 omnes
1046 1269 1182 1308 mensuras
1205 1253 1422 1308 tabernariorum

328 1405 387 1460 231.
407 1390 474 1446 item
486 1403 613 1447 statutum
626 1395 748 1466 estquod
763 1393 852 1466 aliqua
864 1411 976 1465 persona
988 1411 1044 1448 non
1063 1394 1145 1465 possit
1163 1410 1211 1448 nec
1229 1393 1322 1447 debeat
1341 1392 1459 1448 laborare

292 1494 340 1532 nec
359 1478 469 1536 laborari
488 1478 572 1534 lacere
601 1481 701 1552 lapides
727 1481 840 1536 fornacis
858 1499 936 1554 super
953 1481 1085 1554 aliquibus
1111 1482 1190 1554 lignis
1208 1481 1251 1536 uel
1270 1481 1394 1535 caualetis
1412 1481 1457 1553 qui

291 1566 402 1621 caualeti
420 1584 475 1622 non
494 1568 548 1622 sint
566 1568 638 1639 plani
656 1569 685 1623 in
703 1569 764 1624 loco
782 1570 828 1624 ubi
846 1571 954 1640 ponitur
971 1571 1068 1624 modus
1086 1571 1120 1624 ad
1138 1569 1290 1624 faciendum
1314 1567 1413 1640 lapides
1431 1579 1459 1622 et

291 1653 336 1725 qui
349 1653 469 1709 caualleti
481 1655 535 1709 sint
546 1655 642 1726 signmi
655 1657 733 1728 signo
745 1658 875 1712 comunis.
889 1670 915 1711 et
928 1657 1063 1729 approbati
1075 1674 1122 1729 per
1133 1656 1262 1712 consules
1275 1657 1309 1711 Er
1326 1655 1348 1710 si
1366 1665 1458 1710 contra

291 1739 319 1795 in
337 1741 427 1814 aliquo
440 1741 539 1796 factum
551 1742 636 1798 luerit.
651 1744 777 1799 dominus
789 1743 902 1799 fornacis
913 1745 1000 1799 soluat
1013 1745 1131 1798 bannum
1144 1743 1192 1798 sol.
1205 1743 1263 1798 XX.
1281 1756 1309 1797 et
1326 1742 1459 1797 laborator

290 1828 338 1883 sol.
357 1828 390 1882 V.
409 1846 458 1901 pro
475 1829 594 1902 quolibet
612 1843 638 1885 et
656 1831 773 1904 qualibet
790 1833 856 1886 uice.
867 1844 894 1886 et
905 1832 1016 1904 quilibet
1028 1831 1110 1904 possit
1121 1847 1242 1885 accusare
1254 1843 1280 1884 et
1292 1829 1456 1885 denuntiare.
1493 1827 1498 1834 '

290 1928 316 1971 et
333 1919 466 1973 tenebitur
483 1918 607 1989 priuatus
626 1933 653 1974 et
671 1919 767 1974 babeat
785 1920 893 1975 terciam
924 1931 1025 1991 partem
1056 1919 1145 1974 banni.
1165 1931 1191 1973 et
1209 1919 1231 1973 si
1250 1919 1382 1973 laborator
1399 1933 1456 1972 non

289 2019 356 2060 esset
374 2006 512 2062 soluendo.
531 2007 656 2062 dominus
675 2007 787 2062 fornacis
805 2021 925 2062 teneatur
943 2024 990 2078 pro
1009 2023 1049 2061 eo.

324 2177 384 2236 232.
404 2166 470 2220 item
488 2179 615 2222 statutum
634 2168 763 2239 estquod
781 2179 955 2221 assumatores
982 2167 1105 2220 comunis
1132 2177 1271 2220 teneantur
1297 2178 1324 2220 et
1342 2167 1456 2220 debeant

288 2253 350 2308 dare
368 2255 396 2307 iu
414 2255 515 2325 scriptis
542 2272 684 2310 numerum
714 2255 866 2309 consulibus
892 2255 1016 2309 comunis
1043 2267 1108 2325 quot
1127 2271 1265 2308 mensuras
1283 2255 1456 2324 signauerunt

288 2341 395 2396 cuilibet
413 2343 560 2396 tabernario
579 2355 605 2396 et
622 2343 720 2414 quales.
739 2341 809 2396 Infra
828 2341 923 2396 festum
942 2342 1087 2396 natiuitatis
1105 2341 1217 2396 domini
1245 2353 1271 2396 et
1288 2343 1310 2395 si
1328 2341 1454 2396 contrase

287 2431 371 2484 cerint
388 2429 494 2485 soluant
511 2432 629 2486 bannum
649 2447 696 2502 pro
714 2429 833 2503 quolibet
851 2443 877 2484 et
895 2429 1011 2502 qualibet
1029 2431 1086 2484 vice
1104 2430 1152 2485 sol.
1171 2429 1229 2484 XX.
1250 2447 1292 2502 pp.

323 2587 383 2643 233.
402 2573 469 2628 ltem
487 2584 614 2627 statutum
632 2571 761 2641 estquod
779 2569 901 2625 consules
919 2571 1042 2626 comunis
1061 2570 1166 2640 bugelle
1183 2587 1231 2641 pro
1249 2586 1343 2624 eorum
1361 2587 1449 2627 sacra·

288 2673 380 2714 mento
398 2673 538 2714 tenantur
556 2660 630 2713 omni
649 2675 722 2712 anno
740 2660 823 2712 tribus
841 2659 943 2713 uicibus
961 2672 987 2714 et
1005 2677 1037 2712 ex
1056 2658 1203 2729 impmuiso
1221 2659 1354 2728 inquirere
1371 2676 1451 2714 men-

287 2763 359 2800 suras
377 2749 583 2802 tabernariorum
603 2759 628 2801 et
659 2746 869 2824 lomatariorum
897 2759 923 2800 et
941 2746 1035 2816 punire
1061 2763 1156 2800 omnes
1182 2757 1208 2799 et
1235 2745 1357 2816 singulos
1384 2763 1452 2818 quos

288 2832 438 2890 inuenerint
456 2835 547 2889 fecisse
564 2847 654 2888 contra
673 2847 769 2888 statuta
787 2835 934 2888 secundum
952 2831 1066 2888 sormam
1085 2833 1201 2888 aliorum
1219 2845 1386 2888 statutorum.

322 3005 382 3064 234.
400 2991 467 3046 Item
485 3003 612 3046 statuorm
621 2993 740 3065 estquod
750 2993 929 3048 reueraditores
947 3008 997 3046 nec
1013 2991 1106 3064 aliquii
1123 2991 1167 3063 alij
1187 2992 1333 3047 uendentes
1341 2991 1450 3047 bladum

286 3080 329 3134 uel
347 3079 429 3134 saletn
448 3081 481 3134 ad
499 3079 631 3150 platbeem
642 3077 705 3135 'non
724 3082 825 3151 possint
842 3082 958 3135 uendere
975 3079 1018 3134 uel
1028 3097 1187 3135 menstrtare.
1206 3080 1240 3134 ad
1257 3081 1375 3134 starium
1394 3079 1448 3134 mi-

286 3185 357 3224 nam.
376 3169 420 3222 uel
437 3180 626 3240 quartamnum
646 3168 697 3222 nisi
715 3170 785 3223 dicte
803 3184 926 3224 mensure
944 3169 997 3224 sint
1015 3168 1108 3223 serrare
1136 3169 1341 3240 circumquaque
1359 3181 1385 3222 et
1404 3185 1450 3239 per

285 3257 470 3311 transbersum.
490 3269 515 3310 et
534 3257 579 3327 qui
598 3255 778 3310 contrafecerit
796 3256 883 3312 soluat
900 3273 947 3329 pro
966 3257 1085 3328 quolibet
1103 3269 1129 3311 et
1146 3256 1263 3328 qualibet
1280 3257 1338 3310 vice
1355 3256 1403 3310 sol.
1415 3256 1447 3310 V.

285 3357 311 3400 et
328 3345 440 3417 quilibet
457 3345 538 3416 possit
556 3361 676 3399 accusare
695 3359 720 3399 et
738 3345 894 3400 denuntiare
911 3358 938 3400 et
956 3346 1088 3401 tenebimr
1111 3345 1234 3416 priuatus

320 3517 380 3572 ²35·
398 3504 466 3558 item
485 3515 612 3558 sutorum
631 3515 671 3558 cst
688 3515 714 3558 et
732 3504 884 3558 ordinatum
897 3505 969 3576 quod
982 3517 1186 3560 assumantoras
1197 3513 1297 3556 veteres
1309 3513 1448 3558 tmeaamr

284 3603 310 3644 et
327 3591 441 3646 debeant
457 3591 519 3645 dare
546 3593 654 3646 reddere
671 3603 697 3646 et
725 3593 860 3646 restituere
887 3591 1003 3646 clnuario
1029 3609 1103 3647 nouo
1121 3605 1146 3646 et
1164 3591 1317 3645 consulibus
1334 3589 1380 3662 qui
1399 3607 1447 3660 pro

283 3679 445 3748 temporibus
463 3679 561 3732 luerint
578 3677 644 3732 inira
664 3679 733 3733 Vlll.
752 3681 808 3732 dies
827 3691 885 3750 post
903 3693 1024 3734 sanctum
1042 3680 1185 3733 Matrinum
1204 3695 1299 3732 omnes
1311 3695 1447 3732 mensuras

282 3767 405 3820 comunis
422 3783 487 3838 quaa
505 3767 639 3820 habebunt
658 3783 737 3837 penes
756 3785 790 3820 se.
810 3769 842 3822 ad
856 3769 1017 3838 signandum
1029 3767 1092 3820 alias
1105 3781 1242 3819 mensuras
1259 3765 1343 3836 etqui
1355 3777 1446 3820 contrn

282 3851 371 3908 lecerit
382 3853 469 3909 soluat
480 3871 529 3926 pro
541 3853 659 3925 quolibet
668 3867 693 3908 et
706 3855 823 3926 qualibet
835 3856 991 3910 ebdomada.
1004 3871 1055 3926 qua
1067 3867 1158 3908 contra
1172 3853 1286 3908 lacerent
1298 3852 1346 3906 sol.
1360 3851 1392 3906 V.
1402 3869 1445 3924 pp.

317 3993 376 4064 236.
395 3991 463 4048 item
481 4005 609 4049 statutum
628 3995 758 4066 estquod
776 3995 902 4050 electores
919 3995 1074 4050 officialium
1093 4011 1148 4048 non
1168 3993 1269 4065 possint
1280 3993 1378 4064 eligere
1389 4009 1446 4048 asu·

280 4093 395 4138 aratores
412 4081 520 4154 quando
537 4099 605 4138 uuus
623 4099 656 4136 ex
674 4082 737 4153 ipsis
754 4083 788 4137 sit
805 4083 839 4138 de
856 4081 984 4138 conscilio
996 4083 1038 4136 uel
1051 4082 1188 4138 credencia
1199 4081 1322 4138 comunis
1341 4079 1446 4152 bugelle

305 4327 333 4382 lt)
349 4329 377 4380 (ι)
391 4329 484 4382 Adiectio
497 4329 607 4384 posterior.
