3918 5554
1372 528 1419 584 231

294 658 335 698 21.
355 642 410 708 Qui
429 641 531 706 emerit,
549 640 676 696 locauerit
694 639 737 695 uel
756 653 832 712 pacto
844 657 892 711 pro
902 639 955 694 alio
965 637 1103 694 semiuerit
1115 655 1171 694 noa
1183 639 1266 710 possit
1279 638 1422 709 subrogare

258 733 319 785 loco
336 731 385 786 sui.
404 731 450 800 (V.
472 731 525 800 50).

295 835 336 872 22.
356 821 397 873 De
416 837 482 889 pena
501 818 571 872 iliius
589 819 635 890 qui
654 819 829 872 absentauerit
847 817 932 872 facete
949 817 1096 872 seruitium.

296 923 337 974 23.
356 909 399 976 (t)
419 908 456 960 Dc
474 907 560 960 ordine
577 909 678 960 servicii
696 906 830 960 secundum
848 907 1033 977 inscriptionem
1053 907 1080 958 in
1099 905 1189 958 rotulo.

296 1011 337 1062 24.
357 996 398 1048 De
416 995 511 1048 salario
529 995 625 1050 notarii
643 995 758 1066 collegii.

296 1099 338 1152 25.
357 1084 399 1137 De
416 1083 546 1137 electione
564 1083 650 1138 fienda
668 1084 702 1137 de
719 1083 871 1138 consulibus
888 1083 921 1137 ad
940 1082 1037 1138 breuia

296 1173 338 1226 26.
358 1173 399 1225 De
417 1185 492 1242 pastu
510 1173 537 1224 in
557 1171 623 1226 festo
641 1172 724 1226 sancti
743 1171 895 1240 Augustini.
917 1201 948 1210 -
969 1171 1010 1224 De
1028 1186 1105 1224 cereo
1130 1169 1256 1224 libratum
1282 1169 1371 1223 trium
1393 1199 1423 1208 -

261 1262 303 1315 De
321 1260 460 1314 vniuersali
481 1258 569 1312 fiendo
587 1261 615 1312 in
634 1260 724 1330 vigilia
743 1261 825 1313 sancti
850 1257 1003 1330 Augustini.

298 1365 338 1418 27.
358 1349 400 1420 (2)
419 1349 520 1418 Aliquis
539 1366 589 1401 non
603 1350 681 1421 possit
701 1349 831 1420 impetrare
850 1363 892 1401 nec
909 1349 1003 1400 sevire
1020 1347 1129 1417 officium
1139 1347 1260 1410 misrior,
1273 1345 1426 1418 aiteriprius

262 1455 408 1494 conassum.

299 1527 339 1580 28.
359 1527 401 1594 (2)
422 1525 459 1577 De
476 1525 579 1578 rostsilto
597 1523 679 1577 dando
697 1531 725 1578 ul
739 1526 903 1596 perveniatur
921 1523 954 1578 od
971 1523 1136 1578 concordiam.

299 1629 339 1683 29.
359 1615 429 1666 Nots
448 1613 481 1666 de
499 1628 575 1666 cereo
594 1623 619 1666 et
637 1629 698 1666 vase
716 1611 814 1683 ligneo.
844 1643 876 1653 -
896 1613 938 1666 De
963 1611 1116 1683 portacione
1142 1627 1278 1666 cereorum
1306 1609 1334 1664 in
1362 1609 1429 1664 iesto

262 1701 378 1770 corporis
396 1700 494 1753 christi.

301 1802 340 1857 30.
359 1789 401 1858 (2)
423 1788 543 1840 Notarius
560 1793 662 1840 vocatos
679 1788 712 1840 oci
729 1788 907 1856 conficiendum
927 1795 1096 1842 temnentem
1114 1787 1154 1840 nel
1166 1793 1320 1842 contractum
1332 1803 1430 1840 monere

262 1877 327 1928 debet
345 1881 472 1927 vocantem
492 1882 518 1927 ui
537 1875 622 1928 labori
639 1876 748 1946 aliquem
766 1879 838 1928 ricius
856 1877 960 1930 consilio
978 1876 1090 1930 dictetur.

301 1979 340 2032 31.
359 1964 400 2016 De
419 1963 470 2016 hiis
488 1965 583 2033 quibus
601 1965 679 2016 debet
696 1964 784 2016 honor
802 1965 902 2034 preben‘
922 1982 967 2034 per
985 1965 1102 2018 notarios
1121 1964 1225 2032 collegii
1246 1963 1273 2016 in
1302 1963 1428 2032 exequiis.

265 2081 295 2090 -
317 2052 358 2104 De
376 2051 502 2104 cadauere
521 2052 667 2121 aportando
684 2052 717 2104 ad
736 2050 905 2122 sepulturam.
927 2083 957 2092 —
979 2053 1049 2105 Nota
1062 2053 1095 2106 de
1104 2065 1211 2122 sumptu
1224 2050 1313 2104 fiendo
1327 2050 1431 2102 notario

264 2157 318 2192 non
339 2139 445 2192 habenti
466 2155 512 2208 pro
531 2139 672 2209 sepultura

302 2242 341 2294 32.
361 2227 431 2280 Nota
449 2227 521 2296 quod
541 2226 623 2280 nichil
642 2228 720 2280 debet
738 2227 807 2296 exigi
827 2243 842 2280 a
861 2227 966 2280 notario
984 2228 1018 2281 de
1036 2228 1151 2296 collegio
1170 2247 1215 2300 per
1234 2228 1301 2282 alios
1313 2227 1431 2280 notarios

156 2351 169 2372 a
263 2316 407 2369 sentientes
425 2315 453 2366 in
472 2316 550 2384 curjis
569 2317 712 2385 potestatis,
730 2315 845 2386 episcopi
864 2329 890 2368 et
909 2316 1016 2386 clauarji
1036 2317 1168 2370 comunis.

303 2419 342 2472 33.
362 2403 483 2467 Quilibet
501 2403 619 2458 notarius
637 2415 757 2457 teneatur
774 2419 895 2457 accusare
915 2403 1068 2457 consulibus
1086 2404 1163 2457 ilium
1182 2403 1224 2458 uel
1244 2403 1304 2457 illos
1322 2415 1430 2458 contra-

265 2491 391 2546 facientes
409 2493 519 2546 statutis.

303 2596 343 2649 34.
363 2581 445 2643 Quod
464 2581 586 2634 consules
604 2593 743 2636 teneantur
761 2581 872 2652 singulis
891 2593 1005 2653 quatuor
1023 2582 1159 2634 mensibus
1180 2582 1321 2636 mnuocnri
1349 2581 1434 2636 iacere

265 2669 410 2738 collegium
429 2681 455 2722 et
475 2669 503 2721 in
522 2669 618 2722 eodem
638 2669 725 2740 legere
743 2683 847 2724 statuta.

304 2771 343 2824 35.
363 2755 445 2818 Quod
464 2755 606 2826 ellignntur
624 2769 737 2828 quatuor
755 2757 798 2811 uel
817 2773 862 2810 sex
880 2757 913 2812 de
931 2757 1047 2828 collegio
1066 2757 1174 2828 singulo
1192 2773 1264 2812 anno
1283 2757 1328 2828 qui
1347 2757 1432 2812 corri-

265 2854 330 2912 gant
347 2855 442 2895 statuta
461 2855 486 2896 et
505 2843 621 2897 condant
638 2857 733 2899 statuta
752 2845 785 2898 de
803 2861 884 2898 nouo.
904 2845 949 2914 (V.
972 2847 1023 2916 50).

305 2929 344 2999 36.
364 2931 434 2984 Nota
452 2932 524 3002 quod
543 2933 601 3002 quis
620 2933 738 2986 notarius
756 2950 811 2986 non
831 2946 917 3004 potest
934 2935 1032 2988 seruire
1051 2951 1098 3005 pro
1117 2933 1171 2988 aiio
1189 2921 1239 2987 n'isi
1270 2933 1370 2988 steterit
1388 2951 1434 3004 per

267 3035 368 3072 annum
388 3031 447 3088 post
465 3019 522 3072 eius
540 3019 704 3073 seruitutem.

306 3122 345 3176 37.
365 3107 447 3170 Quod
466 3123 548 3160 nemo
567 3109 648 3178 possit
666 3125 804 3178 procurare
823 3126 870 3180 pro
889 3108 978 3180 aliquo
996 3109 1168 3163 criminaliter
1186 3109 1228 3164 uei
1248 3109 1360 3163 ciuiliter
1369 3121 1434 3164 tem·

268 3211 332 3264 pore
350 3194 482 3248 seruitutis
500 3196 551 3248 nisi
570 3213 618 3266 pro
636 3213 664 3249 se
682 3209 708 3250 et
727 3195 826 3250 familia
848 3213 903 3250 sua.

306 3283 345 3352 38.
364 3283 392 3336 Si
411 3283 470 3354 quis
488 3281 566 3337 fuerit
584 3283 723 3354 negligens
741 3297 874 3354 acceptare
892 3283 1043 3340 seruitium.

306 3386 345 3441 39.
365 3370 447 3434 Quod
466 3371 512 3440 qui
531 3371 670 3442 recipietur
687 3387 743 3426 non
762 3373 843 3443 possit
861 3373 959 3426 seruire
977 3373 1028 3426 nisi
1047 3389 1142 3426 omnes
1160 3373 1328 3443 precedentes
1345 3373 1433 3428 serui-

269 3461 364 3512 uerint.

303 3562 346 3612 40·
365 3548 446 3610 Quod
466 3547 555 3601 nullus
573 3548 654 3618 possit
672 3547 770 3602 seruire
789 3547 840 3602 nisi
859 3549 892 3603 sit
910 3549 1069 3621 subscriptus
1088 3549 1115 3604 in
1135 3551 1247 3622 presenti
1267 3550 1334 3604 libro
1347 3561 1432 3604 statu·

270 3647 367 3690 torum.
386 3635 432 3704 (V.
455 3637 507 3704 ¹7)-

304 3738 347 3788 41·
366 3723 448 3785 Quod
467 3723 578 3794 quilibet
596 3725 714 3778 notarius
732 3725 778 3794 qui
797 3725 935 3779 seruiuerit
966 3725 993 3778 in
1021 3726 1092 3780 dicto
1119 3725 1210 3778 officio
1237 3735 1357 3780 tutatur
1387 3741 1435 3794 pro

269 3827 345 3881 posse
364 3809 439 3864 finire
457 3828 592 3882 processus
610 3812 759 3866 criminales
778 3812 844 3866 inira
863 3825 915 3866 tres
933 3829 1037 3866 mersses
1056 3827 1114 3883 post
1133 3813 1287 3866 seruitutem
1312 3813 1358 3882 (V.
1381 3813 1434 3880 5o)·

304 3912 346 3963 42.
366 3900 410 3969 (3)
428 3899 466 3953 De
484 3900 629 3952 asmentia
647 3907 796 3954 suturarum
814 3900 861 3954 sui
875 3911 939 3972 pena
954 3903 1067 3972 perjurii
1083 3907 1105 3954 el
1131 3901 1258 3972 istjomiae.

307 4111 337 4163 (t)
353 4111 469 4166 Capitulum
491 4111 529 4152 hoc
551 4121 604 4153 curet
626 4111 688 4152 titulo
709 4112 730 4152 in
751 4111 829 4162 codice,
851 4111 905 4162 luris
927 4109 987 4151 finem
1009 4111 1074 4164 ipsius
1095 4109 1237 4150 tntummodo
1262 4109 1343 4162 legitur:
1365 4115 1435 4162 tompus

268 4185 357 4237 pincipis*
373 4213 377 4222 .
394 4213 400 4224 .
417 4213 421 4223 .
439 4213 444 4224 .
461 4213 466 4224 .
483 4213 488 4224 .
503 4183 546 4224 Nos
561 4185 676 4232 sdjicintus.

297 4259 324 4304 (a)
342 4254 402 4295 [kent
416 4256 497 4304 titulus,
512 4267 551 4294 ans
566 4257 680 4304 adjicimus.

298 4325 324 4376 lt)
341 4325 423 4366 Titulus
438 4327 493 4366 tiecst
509 4327 529 4364 in
544 4325 622 4374 codice,
637 4337 676 4365 nos
691 4323 804 4378 sdjicimus.
