3978 5546
1432 433 1463 486 ²5

300 556 325 598 et
343 553 483 597 teneantur
500 542 697 596 denuntiatores
714 553 741 595 et
759 552 934 595 ncenssmret
960 541 1055 613 priuati
1074 553 1101 594 et
1129 540 1244 596 habeant
1262 555 1338 595 suant
1356 540 1465 595 terciam

299 643 399 702 purtem
418 631 499 684 benni
518 630 551 683 de
568 641 655 684 noete.
674 641 701 683 et
718 629 840 684 eonsules
858 641 997 683 teneantur
1013 629 1154 701 inquirere

338 786 394 842 r3u
412 772 481 826 Item
499 783 627 826 sntutum
639 782 679 825 est
691 771 763 841 quod
774 771 820 841 qui
833 771 944 825 duxerit.
960 770 1004 824 uel
1017 771 1119 826 miserit
1131 771 1227 824 bestias
1239 771 1273 824 ud
1285 771 1465 841 purchardum

299 861 327 912 in
345 860 452 929 campis.
472 859 515 912 nel
533 859 626 912 vineis.
645 858 689 912 uel
701 859 730 912 in
743 858 845 912 clausis
859 859 880 911 si
894 858 973 912 inerit
985 857 1130 930 troppellus
1147 859 1242 912 ouium
1261 857 1349 912 soluat
1360 859 1403 928 (1)
1421 859 1467 914 do·

300 947 388 1000 minus
406 947 545 1000 cuiuslibet
562 944 666 1016 trupelli
684 947 727 1015 (r)
746 946 794 999 sol.
813 945 871 1000 XX.
890 963 932 1016 pp.
951 947 984 1000 de
1003 947 1046 1000 die
1063 959 1091 999 et
1108 946 1141 1000 de
1160 959 1239 999 nocte
1256 945 1296 1000 sol
1316 945 1362 1000 XL
1377 963 1418 1016 pp.
1431 947 1467 1000 Et

299 1035 321 1088 si
338 1033 437 1088 inerint
454 1036 537 1088 boues
548 1034 681 1088 iuncturus
693 1035 736 1103 (2)
749 1034 797 1088 sol.
811 1034 891 1104 X(2)
902 1051 951 1106 pro
964 1034 1083 1105 quolibet
1094 1046 1121 1088 et
1132 1034 1154 1088 si
1166 1032 1303 1088 fuerintX
1322 1034 1365 1087 uel
1377 1033 1466 1104 plures

299 1123 386 1178 solunt
403 1123 522 1176 bennum
540 1121 588 1176 sul.
605 1121 640 1176 X.
658 1139 701 1193 pp.
716 1122 823 1176 Porcht
842 1139 906 1176 uero
924 1139 986 1176 cunr
998 1120 1119 1192 porcellis
1137 1121 1296 1193 pupnutibus
1308 1122 1351 1192 (1)
1363 1121 1412 1176 sol.
1430 1121 1466 1174 V.

300 1212 342 1281 (1)
354 1223 381 1264 et
393 1211 503 1282 quilibet
514 1209 580 1264 uter
597 1211 711 1281 porchns
723 1211 780 1264 siue
798 1211 896 1282 porche
915 1212 1036 1265 denarios
1048 1211 1098 1264 XII
1116 1221 1235 1264 trenno
1247 1211 1363 1264 martino
1382 1225 1467 1280 usqne

300 1317 383 1370 pusca.
401 1300 435 1353 Et
452 1317 468 1353 n
485 1315 562 1370 puser
575 1315 659 1370 usque
674 1300 709 1353 ed
727 1311 849 1353 sunctum
876 1301 1021 1354 martinum
1047 1299 1164 1370 quelibet
1180 1298 1224 1367 (2)
1252 1299 1302 1352 uiir
1321 1299 1364 1368 (2)
1381 1299 1466 1352 bestie

299 1387 402 1458 (1)s01.
421 1388 453 1440 V.
473 1390 516 1459 (r)
533 1389 568 1442 Et
584 1405 666 1442 nemo
683 1389 766 1458 possit
783 1405 812 1441 se
829 1405 953 1442 exciuere
965 1405 1013 1459 pro
1025 1388 1118 1442 alienis
1131 1387 1282 1441 claudendis
1295 1403 1360 1458 yrno
1378 1385 1467 1440 solunt

299 1476 418 1530 bennum
420 1516 479 1530 .......
488 1478 531 1546 (3)
543 1475 588 1530 ille
600 1479 646 1547 qni
657 1493 713 1530 non
726 1476 846 1530 habuerit
856 1475 1005 1530 einusurnrn
1017 1475 1061 1546 (1)
1079 1475 1127 1529 sol.
1146 1491 1230 1529 vnum
1242 1491 1290 1546 pro
1301 1474 1408 1546 sepelio.
1422 1475 1466 1544 (1)

300 1564 413 1618 Anseres
430 1577 458 1618 et
475 1581 560 1620 nnnee
578 1564 684 1618 soiunut
702 1581 749 1635 pro
768 1565 891 1634 qualibet.
904 1565 1026 1618 denarius
1039 1564 1084 1617 Vi.
1097 1565 1141 1634 (2)
1152 1575 1179 1618 et
1191 1563 1314 1634 ermpurij
1325 1575 1467 1618 teneantur
1546 1629 1550 1638 ι

299 1667 419 1706 secure
431 1654 507 1707 urnni
519 1654 562 1706 die
577 1671 630 1724 qua
642 1653 710 1708 dicte
724 1653 805 1706 bestie
814 1653 915 1706 inerint
926 1653 959 1706 ed
971 1651 1133 1722 pascendum
1146 1652 1174 1704 in
1186 1651 1250 1722 ipsis
1268 1651 1367 1722 eampis
1380 1651 1465 1704 vineis

298 1741 355 1794 sine
373 1740 474 1794 eleusis.
493 1754 520 1794 et
537 1741 559 1795 si
575 1757 633 1796 uon
652 1741 832 1795 recusauerim
850 1740 883 1795 de
902 1741 970 1794 dieta
989 1740 1039 1793 die.
1053 1739 1211 1810 Campatius
1222 1740 1251 1792 in
1265 1755 1316 1810 qur
1333 1739 1465 1809 ampurin

299 1827 395 1882 inerint
412 1827 482 1882 dicte
499 1829 581 1883 bestie
597 1841 719 1884 sensate
737 1830 873 1900 peripsos.
891 1827 978 1882 solunt
995 1827 1084 1882 simile
1097 1829 1216 1881 bennum
1228 1828 1301 1898 quod
1314 1825 1417 1880 soluere
1430 1839 1465 1882 te·

298 1929 395 1970 nentur
413 1917 481 1970 dicte
501 1918 589 1971 bestie.
603 1931 629 1972 et
647 1917 715 1970 ultra
734 1918 785 1970 hoc
804 1929 944 1971 teneantur
959 1916 1096 1969 restituere
1115 1916 1262 1986 dampnum
1272 1915 1300 1969 in
1312 1915 1420 1969 arbitrio
1438 1927 1465 1968 et

298 2017 462 2059 sacramento
481 2005 551 2060 iilius
569 2007 614 2076 qui
634 2006 759 2076 rene-perit
778 2006 924 2074 dampnum
944 2005 956 2074 (
973 2005 995 2076 ).
1024 1991 1034 2006 ’

334 2179 392 2232 131.
409 2165 477 2218 Item
496 2177 623 2218 statutum
642 2165 770 2235 estquod
789 2163 878 2217 nullus
896 2163 990 2217 dehent
1008 2163 1046 2216 ire
1063 2179 1125 2216 curn
1144 2163 1234 2233 bestiis
1251 2162 1284 2216 ud
1303 2162 1464 2234 pumdum

296 2251 324 2305 iu
342 2253 427 2306 vineis
445 2253 488 2306 uei
507 2253 535 2307 in
554 2253 649 2306 clausis
665 2269 716 2306 nec
734 2253 762 2306 in
781 2252 869 2323 ulique
887 2264 955 2305 terre
972 2251 1084 2304 alieuius
1102 2251 1222 2306 huminis
1241 2253 1276 2306 de
1294 2251 1408 2322 bugelln
1429 2253 1464 2307 Et

296 2340 341 2410 qui
359 2339 540 2396 contrafecerit
558 2341 645 2395 solunt
671 2342 791 2394 bannum
819 2341 980 2394 ordinatum.
1006 2339 1041 2393 Et
1059 2340 1181 2394 eonsules
1204 2355 1260 2394 uon
1279 2341 1380 2412 possint
1400 2341 1463 2396 dure

296 2427 438 2482 licentium.

335 2585 391 2638 132.
411 2571 478 2624 Item
497 2584 624 2626 statutum
644 2585 682 2626 est
701 2571 772 2644 quod
791 2570 879 2642 ulique
898 2587 1008 2642 persone
1026 2587 1082 2626 uun
1095 2573 1173 2626 duent
1192 2583 1251 2642 post
1268 2587 1296 2624 se
1308 2571 1336 2625 in
1355 2587 1463 2642 campos

297 2675 382 2728 neque
401 2660 428 2712 in
448 2660 539 2714 uineas
558 2659 671 2714 vitulum
699 2677 785 2731 neque
813 2661 932 2714 vitulum.
960 2677 1047 2732 neque
1067 2661 1177 2714 bestium
1196 2659 1312 2730 aliquem
1336 2675 1389 2730 que
1406 2675 1462 2712 non

297 2745 396 2800 laboret
415 2747 464 2801 sub
483 2749 571 2802 benno
590 2748 638 2802 sol.
657 2749 700 2818 (r)
720 2749 752 2802 V.
771 2748 816 2818 (1)
833 2765 875 2820 pp.
895 2749 928 2802 Et
946 2764 1002 2802 non
1022 2748 1186 2818 intelligutur
1203 2747 1236 2802 de
1254 2747 1370 2819 polietiis
1380 2763 1463 2818 nsque

296 2834 328 2888 nd
346 2835 392 2888 Vl.
411 2851 496 2890 annos
514 2853 529 2890 u
548 2837 591 2890 die
609 2837 725 2890 nationis
744 2837 871 2906 ipsorum.

334 3008 391 3062 133.
410 2995 477 3048 Item
496 3007 623 3048 statutum
643 2995 771 3065 estquod
792 2993 881 3049 nullus
901 2995 985 3050 horno
1016 2996 1058 3049 vel
1084 2993 1184 3052 sentina
1202 2996 1236 3050 de
1257 2995 1362 3066 bugella
1380 2995 1462 3068 possit

296 3097 344 3134 nec
363 3081 455 3136 debeat
474 3083 601 3151 planttarc
621 3099 707 3153 neque
726 3082 839 3136 alienare
857 3084 959 3155 aliquas
986 3085 1091 3138 arbores
1110 3101 1125 3138 n
1143 3083 1249 3156 bugella
1268 3083 1376 3138 inferius
1394 3086 1462 3138 sicut

295 3169 485 3224 determinatur
502 3188 517 3223 a
536 3171 618 3240 Rippu
638 3171 715 3224 sarni.
734 3187 780 3241 per
798 3169 925 3226 fossatum
935 3171 1006 3243 pleni
1017 3171 1122 3244 bugelle
1140 3189 1224 3244 usque
1240 3173 1274 3227 ed
1288 3188 1420 3226 rouorent.
1434 3183 1461 3226 et

295 3273 310 3312 e
328 3273 425 3312 rouure
443 3260 531 3311 eundo
550 3275 595 3328 per
604 3259 675 3312 uiam
689 3277 740 3330 que
753 3273 792 3312 est
805 3261 916 3331 desuper
928 3273 1046 3315 sunctum
1060 3261 1203 3331 Agatham.
1213 3276 1316 3314 uerssus
1329 3261 1460 3331 ociepum.

295 3345 367 3400 Etsi
387 3347 442 3418 ipse
459 3347 564 3400 arbores
583 3347 624 3400 uel
644 3347 689 3400 ille
707 3365 759 3418 quc
777 3365 849 3402 nunc
867 3362 928 3403 sunt
947 3351 975 3404 in
995 3351 1116 3420 predictis
1134 3350 1255 3404 confinis
1283 3361 1461 3404 sternerentur

295 3434 338 3488 uel
357 3447 528 3490 uerterentur.
548 3452 604 3489 non
623 3437 799 3490 emendentur
817 3455 832 3490 :t
851 3439 960 3492 comuni
978 3455 1028 3492 nec
1046 3439 1079 3492 dt
1097 3456 1141 3492 ere
1159 3438 1289 3492 comunis»
1320 3439 1461 3508 exeeptntis

294 3521 383 3576 ritinis
401 3522 528 3592 plnnnnti.

336 3681 394 3736 134
413 3667 481 3720 Item
499 3679 625 3720 statutum
645 3679 684 3720 est
702 3665 774 3737 quod
789 3666 833 3736 qui
845 3663 1001 3719 labornuurit
1015 3665 1058 3719 uel
1072 3665 1242 3719 sentinuuurit
1252 3663 1318 3719 ultra
1333 3665 1460 3719 terminos

294 3759 394 3830 positus
413 3773 458 3828 per
475 3771 591 3810 comune
609 3755 722 3824 bugelle.
751 3753 837 3807 solunt
865 3755 982 3806 bannum
1012 3771 1059 3824 pru
1078 3755 1193 3824 quilibet
1222 3755 1279 3806 uice
1298 3753 1346 3806 soi.
1366 3753 1398 3806 V.
1417 3771 1459 3824 pp.

293 3847 344 3902 nisi
363 3845 451 3902 iecerit
470 3845 593 3898 sulchum
612 3844 686 3898 ultra„

318 4181 396 4236 (ι)(ι)
409 4181 487 4238 (1)(1)
501 4179 565 4222 Verba
580 4182 682 4236 posterius
697 4179 772 4228 turin,
787 4179 833 4220 eliis
847 4177 931 4220 abrasis.

317 4253 350 4306 (s)
364 4253 431 4294 tuen
446 4266 530 4302 mun.
546 4253 646 4308 prioratus
661 4252 727 4294 nnn
742 4251 825 4292 renen.
