3978 5546
1419 577 1525 650 3¹,

283 683 375 738 munia
393 683 427 738 de
445 700 499 756 quo
518 697 652 738 remaneat
670 701 755 738 unum
773 684 806 738 ad
825 685 1055 740 disbandationem
1073 686 1107 740 ad
1125 685 1224 740 uineas
1234 685 1346 757 deliquis
1364 701 1450 758 supra·

282 771 383 843 scriptis
401 772 560 826 comunibus
578 789 630 844 que
648 785 717 826 sunt.
736 771 782 826 Vl.
801 772 970 828 disbendetur
987 771 1063 828 omni
1082 789 1154 828 anno
1170 789 1254 830 unum
1266 773 1334 828 sicut
1346 773 1447 830 diaben-

283 861 378 916 dentur
395 859 446 914 alia
465 859 600 914 Comunia
618 862 651 915 ad
670 861 769 916 uineas

322 998 379 1070 167.
398 1001 465 1054 item
483 1013 610 1056 statumm
629 1003 758 1073 estquod
776 1014 859 1058 sortes
877 1001 1052 1073 singularium
1071 1018 1242 1074 personarum
1255 1004 1399 1058 hominum
1417 1005 1450 1058 de

283 1088 396 1160 bugella.
415 1089 604 1144 disbendentur
621 1091 655 1144 de
672 1091 777 1144 duobus
794 1091 871 1144 annis
889 1089 971 1144 semel
990 1102 1094 1146 tanturn
1113 1107 1160 1161 per
1177 1091 1253 1146 Vlll⁰
1271 1093 1327 1146 dies
1349 1105 1376 1147 et
1394 1109 1449 1146 non

284 1176 358 1230 ultra.
377 1189 403 1230 et
421 1178 494 1248 quod
512 1177 581 1232 dicta
599 1178 768 1232 diabendacio
786 1195 842 1232 non
861 1177 1027 1250 Intelligatur
1044 1179 1078 1232 de
1095 1179 1208 1232 sortibus
1218 1181 1377 1234 comunibus
1395 1179 1451 1250 plu·

282 1265 352 1318 rium
370 1275 525 1319 consortum
543 1265 594 1320 nisi
613 1281 708 1320 omnes
726 1277 861 1321 consortes
877 1265 975 1320 luerint
992 1267 1020 1320 in
1039 1267 1181 1322 concordia
1193 1279 1219 1320 et
1229 1267 1281 1322 hoc
1293 1269 1326 1322 de
1345 1283 1450 1322 metasse

282 1351 395 1406 februari
413 1352 457 1406 uel
476 1353 577 1424 marcij.

354 1491 412 1546 168.
431 1491 498 1546 ltem
517 1503 644 1546 statutum
672 1506 711 1547 ast
729 1505 756 1546 et
773 1494 927 1548 ordinatum
953 1495 1067 1564 quodsi
1094 1493 1190 1566 aliquis
1216 1493 1294 1548 fuerit
1324 1495 1450 1550 inuentus

282 1591 385 1650 portare
403 1579 498 1634 ducere
517 1579 559 1633 uel
578 1579 638 1634 duci
657 1578 740 1634 iacere
758 1580 867 1651 aliquod
885 1597 980 1634 nemus
998 1580 1105 1635 aliunde
1122 1598 1204 1652 quam
1231 1582 1265 1636 de
1282 1581 1384 1636 cauallo
1403 1584 1449 1653 qui

281 1683 309 1720 se
327 1679 433 1720 mouet
451 1666 494 1721 uel
513 1683 636 1720 excusare
662 1667 728 1721 uelit
755 1668 827 1739 quod
854 1668 942 1738 ipsum
960 1680 1046 1740 ponet
1073 1670 1151 1724 ducat
1179 1669 1222 1723 uel
1241 1669 1301 1724 duci
1319 1668 1397 1724 iaciat
1415 1671 1449 1725 de

281 1753 384 1809 cauallo
402 1755 524 1809 videlicet
541 1755 574 1808 de
592 1755 706 1808 sortibus
725 1755 940 1810 bertoldanorum
958 1768 986 1810 et
1003 1757 1158 1811 cutellarum
1170 1756 1258 1811 soluat
1270 1759 1388 1812 bannum
1401 1773 1449 1830 pro

281 1841 403 1913 quolibet
420 1855 447 1897 et
464 1842 581 1914 qualibet
598 1843 657 1897 uice
675 1843 723 1898 sol.
743 1843 797 1900 Ul
817 1861 859 1916 pp.
887 1857 914 1898 et
931 1842 976 1898 ille
994 1845 1040 1915 qui
1067 1845 1180 1900 dedisset
1207 1845 1341 1900 licentiam
1363 1847 1449 1902 soluat

280 1929 369 1985 simile
387 1931 514 1986 bannum.

320 2090 378 2162 169.
398 2091 465 2146 Item
483 2103 610 2146 statutum
628 2105 655 2146 et
672 2092 825 2147 ordinatum
843 2106 882 2147 est
900 2095 972 2166 quod
990 2093 1077 2165 aliqua
1095 2109 1207 2166 persona
1224 2111 1280 2150 nou
1299 2095 1381 2166 possit
1398 2111 1448 2148 nee

281 2181 375 2235 debeat
393 2181 420 2234 in
440 2180 518 2249 pratis
537 2196 589 2251 que
607 2193 730 2234 tenentur
747 2199 762 2235 a
781 2181 890 2236 comuni
904 2181 1010 2254 bugelle
1022 2183 1050 2236 in
1062 2184 1216 2238 nemoribus
1227 2183 1317 2255 aliquo
1329 2195 1448 2255 tempore

280 2285 371 2340 separe
389 2268 475 2323 colere
493 2267 536 2322 uel
555 2270 686 2324 seminare
704 2287 750 2324 seu
769 2269 853 2324 iacere
871 2271 993 2324 reordam
1011 2287 1061 2324 nec
1079 2272 1221 2341 pascheum
1241 2288 1287 2325 seu
1306 2271 1448 2326 defendere

282 2369 422 2428 postquam
441 2355 549 2410 fecerint
567 2355 658 2411 senum
678 2375 726 2412 nec
744 2357 834 2429 aliquo
853 2371 973 2428 tempore
991 2358 1111 2412 claudere
1129 2375 1174 2414 seu
1193 2359 1280 2413 clausa
1306 2371 1403 2414 tenere
1422 2371 1449 2412 et

281 2445 326 2516 qui
346 2457 438 2498 contra
456 2445 484 2499 in
503 2443 593 2516 aliquo
612 2444 699 2500 iecerit
718 2445 804 2500 soluat
822 2463 870 2517 pro
888 2446 1005 2518 qualibet
1023 2447 1082 2500 uice
1099 2445 1148 2500 sol.
1167 2447 1225 2502 XX.
1247 2463 1288 2518 pp.
1308 2465 1354 2520 per
1365 2465 1393 2502 se
1406 2447 1448 2502 uel

282 2549 328 2603 per
345 2531 436 2588 aliurn.

627 2725 675 2780 DE
693 2725 928 2800 FORESTARIJS
947 2757 980 2769 -
999 2727 1030 2782 R.
1049 2728 1095 2782 nt

320 2921 530 2990 apostotorum
549 2933 575 2976 et
593 2921 745 2976 ordinatum
764 2922 893 2992 estquod
912 2921 950 2976 illi
981 2922 1026 2994 qui
1046 2922 1110 2976 dant
1130 2921 1280 2976 Forestariis
1311 2924 1448 2976 sestarium

282 3025 365 3062 vnum
384 3010 470 3082 panici
489 3027 536 3079 pro
567 3009 708 3064 forestaria.
736 3010 800 3064 dent
819 3011 856 3064 eis
876 3010 902 3064 id
921 3011 993 3081 quod
1013 3009 1145 3064 uoluerint
1164 3010 1206 3064 uel
1225 3009 1273 3064 sol.
1293 3011 1324 3064 ll.
1344 3027 1386 3082 pp.
1406 3010 1448 3065 uel

282 3099 419 3152 sestarium
437 3097 527 3170 panici
542 3098 575 3152 ad
595 3099 759 3152 uoluntatem
779 3097 886 3152 illorum
906 3099 951 3169 qui
970 3099 1040 3152 dant.
1057 3099 1089 3152 Et
1104 3101 1176 3172 quod
1188 3099 1277 3152 nullus
1290 3099 1449 3153 Forestarius

282 3197 369 3239 teneat
388 3186 482 3240 bestias
500 3201 562 3240 cum
581 3188 656 3240 basto
675 3187 723 3240 sub
742 3203 809 3256 pena
827 3185 875 3240 sol.
895 3185 953 3240 XX.
972 3202 1014 3256 pp.
1034 3203 1081 3257 pro
1106 3187 1222 3258 qualibet
1249 3187 1403 3241 ebdomada.
1423 3201 1449 3242 et

282 3273 399 3328 Ineunat
416 3274 448 3328 ln
467 3291 535 3344 pena
553 3275 652 3328 statuti.

320 3429 377 3483 171.
396 3416 464 3470 Item
483 3427 611 3470 statutum
630 3417 758 3487 estquod
777 3417 866 3470 nullus
884 3417 977 3472 debent
995 3416 1079 3470 iacere
1097 3433 1146 3471 nee
1174 3417 1229 3472 fieri
1260 3417 1344 3472 iacere
1362 3417 1449 3490 aliqua

282 3504 375 3558 roddia
393 3519 454 3557 curn
474 3503 563 3558 bestiis
581 3520 630 3558 nec
648 3520 709 3558 cum
729 3505 813 3560 bobus
831 3505 909 3560 alicui
929 3505 1143 3560 forestariorum.
1163 3506 1195 3560 Et
1205 3507 1250 3578 qui
1269 3505 1450 3560 mnnasecerit

281 3591 368 3646 soluat
387 3591 505 3646 bannum
532 3591 580 3645 sol.
608 3591 641 3644 V.
668 3608 711 3662 pp.
739 3605 766 3646 et
793 3593 953 3648 forestarius
981 3594 1026 3664 qui
1046 3595 1171 3664 reciperet
1188 3595 1288 3650 dictum
1307 3593 1449 3648 seruitium

281 3678 367 3735 soluat
385 3681 504 3734 bannum
523 3679 571 3734 sol.
590 3679 622 3734 X.
642 3697 683 3752 pp.
704 3698 751 3751 pro
770 3682 886 3753 qualibet
905 3683 970 3736 uice.
991 3683 1024 3736 Et
1042 3682 1087 3753 qui
1107 3682 1208 3736 dederit
1226 3683 1314 3737 bibere
1346 3681 1389 3736 uel
1408 3699 1450 3736 eo-

281 3769 388 3842 medere
406 3769 570 3824 Foretmaiiss
588 3770 732 3823 occasione
750 3787 843 3824 eorum
862 3769 941 3842 officij
961 3771 1048 3824 soluat
1067 3771 1184 3824 bannum
1203 3769 1251 3824 sol.
1271 3771 1303 3826 V.
1323 3789 1365 3842 pp.

319 3943 375 3998 17²·
396 3927 463 3984 Item
482 3939 609 3982 statutum
627 3929 757 4000 estquod
775 3941 908 4001 ponantur
926 3929 980 3984 duo
999 3929 1145 4000 Forentani.
1164 3929 1210 4001 qui
1226 3929 1318 4000 Jurent
1336 3931 1404 3984 bene
1423 3943 1449 3986 et

282 4013 402 4086 legaliter
420 4017 552 4070 custodire
570 4017 662 4069 omnia
681 4033 791 4070 nemora
810 4015 932 4071 comunis
950 4029 977 4071 et
995 4017 1138 4072 bominum
1158 4017 1270 4091 bugelle
1289 4019 1345 4084 Qui
1364 4019 1448 4076 Fore-

281 4103 352 4174 starij
373 4103 470 4158 babere
488 4104 601 4156 debeant
619 4119 666 4174 pro
685 4104 804 4176 quolibet
822 4104 901 4158 libras
918 4104 948 4158 L.
968 4105 1011 4174 (r)
1030 4121 1072 4176 pp.
1092 4105 1265 4162 Forastariam
1283 4117 1449 4166 consuetam.

282 4189 332 4246 sub
350 4191 395 4244 tali
414 4191 568 4246 conditione
585 4202 613 4244 et
630 4203 714 4262 pacto.
733 4189 854 4246 videlicet
872 4191 944 4262 quod
963 4193 984 4244 si
1003 4193 1149 4263 dampnum
1163 4195 1268 4250 daretur
1278 4194 1321 4250 uel
1335 4193 1408 4250 lieret
1420 4195 1448 4250 in

309 4363 341 4418 it)
355 4361 469 4406 linem:
484 4363 508 4406 l..
523 4365 597 4420 prioris
612 4363 663 4408 alius
678 4367 755 4408 namen
770 4365 817 4408 loeo
832 4365 919 4424 scriptur
934 4365 1020 4410 ridetur.
