3918 5554
1396 535 1442 590 27¹

281 645 314 700 lit
332 646 353 700 si
373 646 499 700 uenderet
517 661 564 716 pro
582 645 698 716 qualibet
716 645 789 716 pecia
807 661 888 716 quam
906 646 1033 699 uenderet
1044 644 1111 700 ultra
1121 644 1288 700 uoluntatem
1306 644 1447 700 consulum

281 733 314 788 sit
333 735 362 788 in
381 735 470 788 banno
488 733 657 788 deatariorum
675 733 737 804 ΧΗ.
756 733 929 805 papiensium.

320 893 360 949 16.
379 895 446 948 Item
465 895 536 965 quod
556 893 687 948 Consules
705 893 770 948 noui
789 904 928 948 teneantur
938 905 1060 946 excutere
1070 894 1156 946 banna
1166 893 1251 964 posita
1261 910 1307 963 per
1316 891 1448 948 Consules

281 995 382 1038 veteres
399 984 448 1038 sub
466 999 559 1036 eorum
578 993 745 1036 armamento
763 981 785 1036 si
804 981 842 1036 eis
860 981 1051 1036 denunciatum
1070 981 1112 1034 uel
1131 993 1295 1036 accussatum
1314 979 1399 1036 fuerit

321 1157 361 1212 17.
380 1142 446 1196 ltem
465 1141 537 1214 quod
555 1139 577 1194 si
595 1139 690 1212 aliquis
708 1139 840 1194 beccarius
858 1151 957 1192 emeret
975 1137 1075 1210 aliquid
1095 1140 1167 1210 quod
1186 1139 1313 1210 pertineat
1332 1141 1364 1194 nd
1383 1139 1447 1194 offi-

283 1229 354 1283 cium
373 1229 490 1284 beccarm
507 1241 534 1282 et
551 1245 606 1282 non
626 1229 741 1283 solueret
758 1227 797 1282 illi
817 1245 831 1282 a
850 1243 904 1299 quo
923 1229 1029 1282 emisset
1047 1227 1113 1282 illud
1132 1227 1164 1282 ad
1194 1227 1339 1282 terminum
1367 1245 1448 1299 quem

284 1317 415 1372 Consules
432 1319 584 1372 ordinarent
603 1317 654 1388 Ipsi
673 1315 804 1371 Consules
822 1328 961 1370 teneantur
979 1316 1135 1386 distringere
1153 1315 1220 1369 alios
1248 1317 1380 1370 bercarios
1414 1334 1447 1370 ne

284 1405 380 1459 faciant
399 1407 543 1460 beccariam
562 1421 624 1460 cum
642 1403 690 1458 illo
708 1405 794 1458 donec
812 1402 921 1458 soluerit
939 1403 1026 1474 ipsum
1046 1403 1174 1458 debitum.
1194 1405 1228 1459 Et
1246 1403 1292 1475 qui
1313 1404 1447 1460 conuale-

284 1494 348 1548 ccrit
366 1492 453 1548 soluat
472 1494 590 1548 meum
609 1493 756 1548 solidorum
775 1492 808 1546 V.
828 1508 876 1564 pro
893 1491 1010 1563 qualibet
1030 1493 1188 1563 edogmada.

324 1651 363 1707 18.
382 1653 449 1706 ltem
468 1653 540 1723 quod
559 1651 648 1706 nudus
667 1649 799 1706 bcccaritn
817 1651 910 1705 debeat
929 1651 1058 1705 adducere
1076 1667 1166 1704 carnes
1185 1665 1302 1706 recentes
1331 1664 1450 1706 mortuas

285 1739 311 1792 in
332 1740 447 1792 beccaria
466 1740 517 1792 nisi
535 1739 666 1793 occideret
684 1755 728 1792 eas
746 1739 815 1792 inter
833 1751 919 1808 portas
939 1738 1014 1809 placij
1035 1739 1067 1792 Et
1086 1738 1131 1808 qui
1151 1739 1339 1793 contrafaceret
1363 1739 1449 1792 soluat

285 1829 404 1882 bannum
423 1828 569 1881 solidorum
588 1827 624 1882 X.
643 1843 691 1898 pro
710 1826 826 1898 qualibet
844 1826 903 1880 uice
921 1839 947 1880 et
966 1839 1055 1898 postea
1074 1843 1129 1880 non
1149 1827 1246 1880 uendat
1275 1827 1332 1880 illas
1359 1843 1450 1880 cantes

286 1915 313 1968 in
334 1916 458 1969 beccaria
476 1915 558 1970 Saluo
576 1932 610 1969 eo
628 1915 698 1986 quod
718 1914 739 1968 si
757 1915 852 1986 aliquis
880 1913 1011 1968 beccaritn
1038 1915 1145 1968 emisset
1172 1915 1272 1984 aliquas
1301 1915 1394 1968 bestias
1424 1928 1451 1968 et

286 2004 409 2057 ducendo
428 2001 567 2074 bugellnm
580 2015 745 2056 morerentur
757 2003 829 2072 quod
839 2003 905 2056 bene
916 2003 997 2072 pomit
1015 2003 1109 2056 ducere
1129 2002 1155 2054 in
1176 2003 1291 2056 besceda
1302 2015 1328 2056 et
1337 2004 1451 2056 vendere

286 2107 341 2145 non
360 2093 481 2146 obstante
499 2091 615 2162 predicto
633 2103 730 2144 statuto
745 2089 864 2160 Jurando
881 2091 953 2161 quod
972 2091 1057 2144 dictus
1076 2091 1207 2144 beccarim
1219 2091 1340 2144 credebat
1350 2091 1449 2146 dictam

287 2181 397 2234 beriam
416 2197 471 2234 esse
489 2196 581 2234 sanam
601 2180 709 2252 quando
728 2179 794 2234 emit
812 2195 880 2232 eam.

326 2355 365 2409 19.
384 2339 451 2393 ltem
469 2339 541 2410 quod
560 2337 650 2392 nullus
670 2337 802 2391 bcccarius
820 2337 854 2392 de
874 2337 982 2406 Bugella
1000 2339 1092 2392 debent
1112 2338 1194 2390 facere
1214 2337 1357 2392 bercariam
1376 2356 1391 2392 a
1407 2339 1450 2392 Sa-

287 2426 383 2480 luzolin
402 2441 428 2480 et
446 2444 461 2479 a
480 2426 561 2480 Costa
580 2425 725 2494 Calamacij
746 2437 772 2480 et
790 2442 805 2478 a
818 2426 968 2479 Messerauo
981 2439 1034 2478 eta
1048 2425 1190 2479 Castellem
1203 2443 1291 2478 versus
1305 2425 1451 2496 bugellam.

288 2515 320 2566 lit
339 2515 384 2584 qui
403 2514 584 2568 contrafecerit
602 2515 635 2566 sit
653 2513 681 2567 in
701 2515 790 2567 banno
808 2513 955 2568 solidorum
964 2513 1022 2567 XX.
1033 2514 1197 2584 papiensium
1210 2531 1257 2584 pro
1269 2514 1385 2584 qualibet
1394 2515 1453 2568 uice

287 2614 314 2656 et
332 2603 485 2672 perveniam
503 2617 594 2656 carnes
612 2601 640 2655 in
654 2601 769 2656 beccaris
781 2603 815 2656 dc
827 2601 943 2656 beccarm
955 2603 1112 2656 comuniter.
1126 2602 1158 2656 Et
1171 2600 1302 2658 Consules
1315 2613 1454 2658 teneantur

290 2705 430 2760 anquirere.

325 2862 367 2900 20.
386 2848 452 2900 Item
471 2849 543 2918 quod
561 2847 671 2918 quilibet
691 2849 822 2902 beccarius
841 2861 960 2902 teneatur
979 2848 1063 2902 facere
1081 2865 1164 2902 vnum
1183 2865 1288 2902 cereum
1308 2851 1340 2902 ad
1360 2851 1454 2903 Narale

289 2935 392 2989 domini
412 2936 445 2988 de
463 2935 529 2988 libra
547 2953 599 2988 vna
617 2949 643 2989 et
662 2937 749 2990 media
768 2937 821 2990 cire
839 2949 865 2989 et
885 2951 987 3006 portare
1006 2939 1032 2990 in
1054 2955 1133 2990 uranu
1153 2954 1207 2990 sua.
1228 2937 1260 2990 Et
1278 2937 1323 3006 qui
1345 2951 1452 2992 contra·

288 3023 377 3078 feccrit
395 3023 481 3076 soluat
500 3025 617 3078 bannum
636 3024 783 3078 solidorum
802 3024 834 3078 V.
854 3025 1018 3094 papiensium
1037 3039 1062 3078 et
1082 3042 1136 3078 non
1156 3026 1250 3078 babeat
1268 3025 1385 3094 aliquam
1398 3043 1451 3096 par-

290 3124 344 3166 tem
364 3129 409 3182 pet
427 3123 513 3165 totum
533 3111 610 3166 illum
629 3129 730 3166 annum
749 3113 776 3166 in
796 3112 929 3184 aliquibus
947 3115 1036 3184 bestijs
1055 3130 1119 3184 quas
1138 3125 1236 3166 emeret
1254 3111 1349 3184 aliquis
1368 3115 1454 3168 becca-

291 3201 344 3254 rius
362 3201 405 3253 vbi
425 3201 613 3272 superueniret.

328 3382 368 3421 21.
389 3364 458 3418 item
477 3371 604 3413 statutum
623 3372 661 3412 est
681 3377 725 3431 per
745 3377 840 3414 omnes
859 3361 990 3414 beccnrios
1009 3360 1083 3414 istius
1102 3361 1182 3432 parati
1201 3361 1274 3432 quod
1292 3361 1381 3416 nullus
1400 3363 1455 3416 bec·

290 3455 375 3508 carius
393 3454 494 3507 occidat
516 3466 564 3504 nec
584 3451 698 3504 excoriet
717 3449 832 3520 aliquam
852 3451 962 3503 bestiam
981 3451 1013 3504 de
1033 3463 1111 3504 nome
1131 3467 1213 3520 usque
1231 3451 1263 3504 ad
1282 3451 1378 3504 claram
1404 3469 1453 3504 au·

292 3559 378 3597 roram
397 3541 450 3596 diei
470 3542 502 3596 Et
520 3540 566 3612 qui
585 3537 767 3594 contrafecerit
785 3538 871 3592 soluat
890 3539 1008 3592 bannum
1027 3555 1074 3609 pro
1093 3539 1212 3610 quolibet
1230 3551 1256 3592 et
1269 3539 1384 3610 qualibet
1399 3541 1456 3592 uice

291 3629 437 3684 solidorum
457 3627 492 3684 X.
512 3627 686 3700 papiensium.
706 3627 747 3680 De
766 3626 851 3696 porcis
869 3642 934 3681 uero
953 3643 1007 3680 non
1027 3626 1197 3698 intelligatur.
1217 3625 1249 3680 Et
1269 3627 1399 3682 Consules
1422 3641 1456 3682 te·

291 3731 404 3772 neantur
422 3718 562 3788 inquirere,
582 3717 615 3770 Et
633 3714 742 3786 quilibet
761 3714 807 3785 qui
827 3715 926 3770 videret
945 3715 996 3770 hoc
1016 3714 1070 3768 fieri
1084 3727 1204 3770 teneatur
1215 3716 1375 3770 denunciare
1386 3715 1456 3770 Cou-

292 3806 391 3859 sulibus
411 3823 455 3876 per
474 3815 676 3857 sacramentum.

329 3997 370 4036 aa.
389 3981 456 4034 Item
475 3979 546 4050 quod
566 3979 655 4033 nullus
673 3979 804 4032 beccarius
822 3977 925 4032 occidat
944 3995 993 4032 nec
1011 3979 1126 4032 excoriet
1144 3979 1261 4050 aliquam
1287 3979 1397 4032 bestiam
1428 3979 1455 4032 in

291 4070 382 4140 aliquo
402 4069 467 4122 festo
487 4069 560 4122 beate
580 4067 661 4120 llarie
680 4066 721 4120 uel
741 4067 925 4137 apostolorum
944 4066 1001 4138 lllJ.
1020 4067 1053 4121 Et
1083 4067 1129 4138 qui
1160 4067 1341 4122 contrafecerit
1370 4068 1456 4122 soluat

294 4159 412 4212 bannum
431 4173 478 4226 pro
497 4154 614 4224 quolibet
633 4167 659 4207 et
677 4154 793 4224 qualibet
812 4154 870 4207 uice
888 4167 914 4208 et
933 4171 980 4224 pro
999 4155 1115 4225 qualibet
1134 4155 1214 4208 bestia
1242 4155 1389 4210 solidorum
1420 4155 1456 4210 X.

294 4245 468 4316 papiensium,
488 4243 526 4294 Eo
545 4241 620 4294 saluo
638 4241 709 4312 quod
728 4241 750 4294 si
775 4240 882 4312 aliquod
902 4242 1079 4312 predictorum
1101 4241 1227 4296 festorum
1257 4255 1325 4296 esset
1355 4243 1383 4296 in
1413 4245 1457 4298 elie

293 4331 415 4401 mercurii
437 4331 479 4384 uel
499 4331 541 4384 dic
560 4329 666 4383 Sabbati
685 4346 740 4382 non
760 4341 879 4384 teneatur
897 4330 992 4400 aliquis
1010 4329 1042 4384 Et
1060 4343 1151 4384 contra
1170 4331 1316 4402 prniictum
1329 4343 1456 4388 statatum
