3926 5542
552 521 602 595 19⁸

585 645 657 700 Item
674 645 717 699 die
735 645 789 699 iam
807 645 871 700 dicti
888 645 1018 700 examinis
1035 655 1157 700 teneatur
1173 643 1339 699 mminatus
1347 643 1424 698 dictis
1433 641 1595 699 Comelibus
1610 645 1715 699 Exami-

450 715 456 724 ¹
550 734 686 788 nstoribus
703 733 816 788 Nomrio
835 747 861 788 et
879 735 1050 788 seruitoribus
1067 751 1130 804 sepe
1148 734 1212 788 dicti
1231 733 1345 804 Collegij
1366 734 1449 803 parari
1467 732 1553 788 facere
1569 745 1649 804 stque
1665 745 1716 786 tra-

549 822 611 874 dere
628 838 712 876 vnum
729 821 862 875 sufficiens
880 823 1021 892 prandium
1039 821 1187 892 sumptibus
1200 821 1282 890 ipsius
1295 820 1440 875 examinati
1452 821 1496 874 vbi
1511 833 1538 876 et
1549 822 1617 875 sicut
1629 821 1715 891 magis

550 909 670 972 honere,
681 927 727 979 per
744 909 829 962 dictos
847 908 979 963 Consules
997 909 1075 963 fuerit
1093 908 1254 962 ordinatum.

586 997 658 1050 Item
675 997 743 1050 infra
761 997 853 1051 decem
866 997 922 1050 dies
934 998 1070 1068 proximos
1081 1009 1141 1067 post
1150 1013 1262 1050 eramen
1272 997 1428 1066 predictum,
1441 1013 1456 1051 a
1468 997 1544 1051 dictis
1553 996 1715 1050 Consulibus

549 1096 576 1137 et
593 1083 652 1154 alljs
670 1098 732 1138 octo
750 1085 783 1138 ad
802 1085 902 1138 dictum
922 1101 1034 1138 examen
1052 1083 1142 1138 electis
1161 1083 1304 1154 Requirere
1321 1097 1442 1138 sensatur
1459 1086 1531 1139 idem
1550 1085 1716 1138 examinatus

549 1173 766 1242 approbationem
775 1190 949 1243 suam,quam
958 1175 1176 1243 approbationem
1186 1189 1233 1225 seu
1247 1173 1459 1243 reprobationem
1472 1174 1555 1227 modo
1568 1173 1657 1226 debito
1666 1173 1715 1243 ipsi

550 1258 681 1312 Consules
699 1273 725 1313 et
752 1261 784 1314 ad
812 1260 864 1312 hoc
891 1260 966 1313 electi
992 1259 1059 1314 infin
1077 1277 1122 1313 sex
1140 1259 1196 1312 diss
1214 1271 1274 1330 post
1291 1261 1389 1314 dictam
1407 1261 1607 1331 requisitionem
1626 1277 1716 1314 comm

548 1345 607 1416 alijs
616 1348 695 1416 socijs
706 1347 740 1400 de
752 1346 876 1417 Collegio
888 1363 966 1418 super
977 1347 1039 1400 dicti
1051 1348 1175 1401 comunis
1187 1347 1284 1417 palatio
1298 1349 1425 1402 mandato
1437 1349 1555 1418 ipsomrn
1565 1347 1715 1401 Consulum

549 1435 742 1506 congregandis
759 1448 900 1489 teneantur
917 1436 1069 1490 exantinato
1087 1435 1217 1490 declinere
1235 1436 1269 1488 Et
1295 1453 1356 1490 casu
1375 1453 1429 1507 quo
1452 1437 1536 1490 velint
1554 1439 1641 1508 ipsum
1659 1453 1717 1490 exa·

550 1523 682 1576 minatum
700 1539 748 1594 pro
768 1523 908 1577 sufficienti
927 1524 1039 1578 Notario
1058 1525 1201 1594 approbare
1220 1523 1356 1578 Tenestur
1373 1525 1410 1578 sic
1428 1526 1594 1579 examinatus
1620 1537 1648 1578 et
1665 1525 1715 1578 de-

549 1611 660 1665 claratus
678 1623 820 1682 antequam
839 1629 854 1664 a
873 1611 1034 1666 Consulibus
1053 1625 1079 1666 et
1096 1613 1214 1683 Notarijs
1232 1613 1294 1666 dicti
1313 1612 1428 1684 Collegij
1448 1615 1614 1684 approbetur,
1633 1611 1717 1666 facere

549 1697 653 1752 soluere
671 1711 698 1752 et
716 1697 886 1753 effectualiter
904 1699 1048 1770 adimplere
1065 1700 1158 1753 omnia
1176 1711 1203 1754 et
1220 1700 1325 1771 singula
1344 1699 1506 1772 infrascripta
1532 1701 1576 1755 die
1602 1701 1652 1754 sibi
1671 1717 1717 1770 per

549 1786 634 1840 dictos
652 1786 783 1840 Consules
801 1788 946 1842 statuenda

584 1873 676 1929 Primo
694 1876 778 1945 parari
796 1875 880 1930 facere
897 1887 924 1930 et
941 1875 1066 1930 exhibere
1084 1875 1156 1930 aliud
1174 1875 1321 1930 secundum
1340 1877 1480 1947 prandium
1493 1877 1537 1930 vbi
1549 1889 1576 1930 et
1588 1876 1655 1930 sicut
1670 1893 1717 1948 per

549 1961 634 2016 dictos
651 1962 783 2016 Consules
801 1963 887 2033 magis
904 1963 1016 2018 honeste
1033 1964 1148 2018 extiterit
1165 1965 1318 2017 ordinatum
1337 1963 1371 2019 ln
1389 1981 1444 2035 quo
1462 1965 1573 2036 prandio
1591 1966 1717 2018 interesse

550 2051 651 2120 possint
669 2063 695 2103 et
713 2051 826 2104 debeant
843 2067 938 2104 omnes
955 2052 1058 2121 Notarij
1078 2065 1105 2104 et
1122 2051 1263 2104 seruitores
1280 2052 1343 2104 dicti
1363 2051 1478 2122 Collegi]
1492 2065 1519 2106 et
1531 2069 1586 2106 non
1602 2051 1653 2106 alia
1663 2069 1718 2123 per·
1807 2043 1813 2057 ’

549 2155 622 2192 sona.
642 2139 741 2194 Coram
759 2140 855 2208 quibus
873 2139 929 2208 ipse
947 2139 1073 2192 Notarius
1091 2151 1120 2192 ut
1138 2139 1299 2208 premittitur
1310 2139 1475 2193 examinams
1487 2152 1514 2192 et
1526 2139 1671 2194 declaratus
1682 2157 1717 2194 ne

549 2226 639 2297 aliquo
657 2239 776 2296 tempore
794 2227 876 2296 possit
893 2227 1047 2296 pretendere
1065 2227 1244 2296 ignorantiam
1262 2227 1428 2280 Statutorum
1446 2227 1571 2280 antedicti
1590 2227 1715 2299 Collegij‚

548 2325 669 2368 teneatur
686 2327 794 2384 sumpto
811 2315 883 2368 dicto
902 2314 1012 2384 prandio
1030 2314 1118 2384 legere
1136 2315 1228 2368 omnia
1247 2314 1349 2368 Statura
1368 2315 1449 2386 ipsius
1467 2315 1592 2387 Collegij.

584 2403 651 2455 Item
670 2402 837 2472 superdicto
855 2401 964 2470 palacio,
983 2403 1071 2455 statim
1090 2401 1161 2455 dicto
1180 2402 1291 2472 prandio
1309 2416 1425 2474 sumpto,
1452 2403 1579 2474 lectisque
1606 2403 1716 2460 Statutis

549 2491 687 2544 antedictis
704 2502 853 2560 presentare
870 2507 960 2544 coram
979 2491 1041 2560 ipsis
1059 2486 1221 2544 Consulibus
1238 2503 1266 2544 et
1283 2491 1401 2562 Notarijs
1419 2491 1518 2546 Cereus
1544 2493 1664 2564 quinque
1681 2493 1715 2548 de

549 2578 622 2632 libris
640 2592 762 2649 quatuor,
780 2595 828 2648 pro
846 2579 965 2649 quolibet
982 2595 1067 2632 cereo.
1086 2579 1155 2632 ltem
1173 2579 1343 2649 pennarolios
1360 2580 1429 2634 duos
1447 2579 1610 2634 Consulibus
1621 2593 1649 2635 ct
1660 2580 1718 2634 reli·

549 2685 614 2739 qum
633 2667 744 2720 tercium
763 2668 874 2720 Notario
893 2668 974 2736 ipsius
986 2666 1101 2738 Collegij
1116 2666 1196 2720 fultos
1208 2667 1369 2722 sufficienter
1381 2667 1554 2738 pugillaribus
1566 2669 1717 2740 lorcipibus‚

550 2756 734 2825 moderatorijs
752 2756 881 2824 pontonis
899 2767 977 2825 atque
1003 2755 1119 2808 calamis
1148 2756 1216 2808 Item
1234 2757 1310 2810 dictis
1328 2756 1499 2810 semitoribus
1527 2772 1633 2826 grossos
1650 2756 1718 2810 duos

550 2844 674 2896 sabaudie
692 2842 735 2896 uel
754 2842 822 2896 duos
839 2843 991 2896 subtellares
1010 2859 1057 2913 pro
1076 2842 1203 2913 quolibet.

585 2932 653 2984 Item
671 2943 792 2984 teneatur
809 2943 838 2983 ut
850 2930 1010 3001 premittitur
1019 2932 1184 2984 examinatus
1198 2943 1341 3002 antequam
1353 2935 1512 3002 approbetur
1526 2932 1592 2986 vltra
1604 2933 1719 3002 predicta

550 3021 637 3090 jurare
655 3031 682 3074 et
699 3035 728 3072 se
745 3017 864 3090 obligare
881 3019 987 3090 ydonee
1005 3020 1130 3072 satisdare
1147 3019 1181 3072 de
1200 3020 1372 3074 obseruandis
1391 3021 1517 3074 omnibus
1534 3021 1637 3074 ststutis
1655 3021 1718 3074 dicti

552 3107 666 3178 Collegij
687 3123 736 3160 nec
754 3124 810 3161 non
829 3107 863 3160 de
881 3105 1003 3161 indende
1021 3107 1146 3160 celebrari
1163 3123 1248 3160 vnum
1267 3107 1443 3162 Anniuersale
1461 3125 1508 3178 pro
1518 3109 1603 3162 salute
1620 3108 1720 3162 anima·

551 3212 611 3248 rum
629 3195 753 3248 omnium
771 3195 805 3248 de
822 3195 894 3248 dicto
913 3194 1037 3265 Collegio
1054 3196 1086 3248 ln
1104 3195 1213 3248 ecclesia
1231 3197 1313 3249 sancti
1328 3195 1457 3267 Stephani
1469 3196 1503 3250 de
1515 3195 1625 3268 bugella
1637 3197 1719 3250 Anno

551 3299 598 3336 sue
616 3282 819 3353 approbationis
839 3281 970 3336 Videlicet
987 3283 1101 3336 secunda
1119 3284 1163 3337 die
1181 3284 1280 3337 mensis
1311 3284 1435 3354 Augusti,
1453 3284 1517 3338 inde
1535 3284 1655 3356 proxime
1672 3301 1718 3337 se-

551 3372 663 3441 quentis
683 3371 717 3425 ln
735 3386 790 3441 quo
808 3370 978 3424 Anniuersali
996 3371 1144 3440 sumptibus
1171 3372 1315 3426 examinati
1342 3371 1466 3425 celebrari
1495 3373 1607 3426 debeant
1625 3372 1719 3426 saltem

551 3471 613 3513 octo
631 3459 711 3514 misse
729 3471 755 3512 et
772 3459 824 3512 alia
842 3458 899 3512 fieri
917 3460 1011 3513 debeat
1028 3458 1174 3514 solenniter
1190 3477 1243 3530 que
1260 3461 1289 3514 in
1308 3459 1440 3514 similibus
1457 3459 1515 3514 fieri
1542 3460 1719 3531 requiruntur,

551 3565 599 3618 pro
617 3565 672 3618 quo
690 3547 859 3601 Anniuersali
876 3548 963 3601 dictus
980 3549 1146 3601 examinatis
1163 3559 1284 3602 teneatur
1301 3547 1406 3602 soluere
1423 3547 1574 3602 ministriali
1603 3547 1719 3618 Capituli

551 3635 660 3688 ecclesie
678 3636 793 3705 predicte
810 3652 917 3706 grossos
935 3647 997 3689 octo
1014 3636 1139 3689 sabaudie
1157 3653 1204 3706 per
1220 3637 1308 3706 ipsum
1325 3636 1511 3690 Ministrialem
1525 3636 1719 3690 distribuendos

552 3722 663 3776 Clericis
681 3735 707 3776 et
725 3723 874 3792 presbiteris
892 3725 993 3776 dictum
1011 3722 1177 3778 anniuersale
1195 3723 1387 3778 celebrantibus
1402 3725 1473 3777 sicut
1486 3725 1567 3778 moris
1586 3737 1625 3778 est
1642 3724 1671 3776 in
1684 3737 1720 3776 ta·

552 3809 621 3864 libus
638 3811 780 3864 obseruari.
800 3810 987 3882 Teneamrque
1005 3813 1077 3866 diem
1095 3813 1176 3882 ipsius
1194 3811 1377 3865 Anniuersalis
1395 3813 1440 3866 die
1458 3813 1607 3883 precedemi
1618 3811 1720 3866 Consu·

551 3899 620 3952 libus
637 3912 665 3953 et
681 3901 808 3955 omnibus
825 3899 860 3953 de
876 3899 948 3954 dicto
966 3899 1090 3971 Collegio
1109 3899 1193 3954 lacere
1206 3901 1330 3956 nunuari.
1347 3901 1390 3955 Ad
1402 3901 1542 3972 ipsumque
1554 3901 1720 3956 anniuersale

551 3987 637 4040 vocati
656 3999 795 4042 teneantur
812 3988 938 4042 interesse
956 4004 1051 4042 omnes
1068 3989 1102 4043 de
1119 3989 1191 4043 dicto
1210 3987 1343 4059 Collegio,
1361 3989 1410 4043 sub
1437 4006 1506 4059 pena
1532 3988 1582 4042 sol.
1601 3988 1658 4043 XX
1676 4005 1718 4060 pp.

553 4091 601 4146 pro
619 4075 739 4146 quolibet
757 4076 828 4130 dicto
847 4076 972 4148 Collegio
990 4077 1152 4149 applicanda

586 4163 694 4226 Quibus
710 4176 741 4217 ut
758 4163 918 4235 premittitur
936 4165 1054 4236 expletis,
1072 4175 1212 4218 tmesntur
1230 4165 1292 4218 dicti
1312 4165 1444 4220 Consules
1461 4177 1488 4219 et
1507 4165 1601 4218 Notati
1614 4163 1719 4218 Exami-

551 4263 646 4306 natum
664 4253 827 4306 antedictum
846 4269 894 4324 pro
912 4251 1052 4306 sufficienti
1071 4255 1215 4322 approbare
1232 4265 1259 4306 et
1288 4255 1317 4306 in
1344 4253 1416 4306 dicto
1444 4252 1570 4324 Collegio
1596 4253 1718 4322 recipere.

551 4342 640 4411 Atque
659 4340 790 4409 precipere
808 4352 835 4394 et
861 4357 955 4410 rogare
982 4341 1015 4393 de
1041 4341 1097 4410 ipsa
1123 4343 1312 4412 approbatione
1339 4341 1395 4395 fieri
1423 4353 1450 4394 et
1479 4341 1545 4394 tradi
1564 4339 1718 4410 pubblicum

552 4428 763 4483 instrumentum
783 4445 828 4499 per
845 4429 980 4484 notarium
999 4429 1080 4500 ipsius
1099 4427 1223 4500 Collegij.
