3918 5554
495 459 549 514 266

493 581 592 652 eusebii
611 583 715 636 minoto
733 599 816 636 unam
829 583 918 636 sicilie
929 594 955 636 et
968 582 1027 655 plus
1039 583 1073 637 sd
1085 599 1179 636 eorum
1192 581 1386 653 beneplscitum
1398 583 1448 636 sub
1456 599 1524 653 penu
1536 593 1564 636 et
1573 583 1662 636 bonno

494 669 601 722 cuilibet
619 669 823 724 contrafaciente
840 687 888 741 pro
908 670 1025 741 qualibet
1042 670 1191 724 ebdomade
1209 686 1262 740 que
1279 669 1379 724 steterit
1391 669 1552 724 admodum
1561 669 1662 724 dicotur

494 755 602 810 bladum
621 757 768 811 solidorum
786 759 879 812 decern
897 769 924 812 et
941 757 1051 811 ulterius
1069 758 1121 812 hoc
1139 769 1260 812 tenentur
1290 756 1394 810 soluere
1423 757 1525 811 dictum
1554 756 1662 810 bladum

496 855 523 896 et
541 843 663 898 consules
681 856 820 900 teneantur
840 845 878 898 ire
896 844 939 898 uel
957 845 1063 898 mittere
1080 845 1113 898 ud
1131 844 1290 916 sopiendum
1308 845 1410 898 dictum
1428 843 1546 898 bladum.
1555 843 1589 897 Et
1601 843 1663 897 dicti

495 931 617 986 consules
635 943 774 986 teneantur
792 932 877 986 heere
894 932 928 986 de
946 932 1004 1002 ipso
1023 932 1103 987 blado
1122 949 1204 987 unam
1222 931 1400 1003 elymosinam
1418 931 1579 1002 quicumque
1596 931 1664 985 ordi·

495 1032 588 1074 uatum
603 1019 682 1074 fuerit
700 1037 745 1090 per
769 1021 922 1092 collegium.

531 1178 556 1232 9.
575 1161 642 1216 Item
661 1173 789 1216 statutum
807 1173 834 1216 et
852 1161 1005 1216 ordinatum
1024 1175 1064 1216 est
1081 1161 1153 1233 quod
1172 1159 1246 1216 nulla
1265 1177 1378 1232 persono
1395 1161 1429 1214 de
1447 1161 1518 1215 dicto
1549 1160 1664 1232 collegio

497 1265 552 1303 non
572 1251 654 1320 possit
671 1266 721 1303 nec
739 1249 832 1304 debeat
851 1250 995 1304 conuenire
1012 1249 1130 1321 aliquem
1148 1249 1293 1304 bubulcum
1311 1249 1368 1303 siue
1386 1247 1517 1304 mmulum
1536 1249 1663 1320 usquead

495 1337 662 1392 natiuitstem
681 1337 785 1392 domini
804 1355 854 1391 nec
872 1338 960 1392 eidem
978 1337 1041 1390 dore
1056 1337 1174 1392 laborem
1206 1353 1289 1408 usque
1318 1337 1352 1390 ad
1382 1335 1489 1391 finitum
1519 1337 1664 1390 terminum

496 1425 568 1479 illius
587 1425 691 1480 domini
709 1441 771 1479 curn
790 1443 844 1497 quo
863 1426 963 1479 steterit
975 1437 1037 1478 onte
1049 1425 1158 1479 saluosi
1179 1426 1211 1478 de
1229 1423 1307 1496 plens
1325 1424 1466 1479 concordio
1478 1423 1549 1478 illius
1560 1424 1664 1479 domini

496 1529 559 1567 cum
577 1530 631 1583 quo
649 1513 761 1568 stetisset
778 1515 827 1567 sub
846 1530 913 1584 pens
931 1525 958 1566 et
976 1513 1065 1568 banno
1084 1513 1192 1568 cuilibet
1209 1511 1407 1568 wnmneienn
1426 1527 1474 1584 pro
1492 1512 1609 1584 quilibet
1621 1513 1665 1566 die

495 1618 547 1672 qus
565 1601 747 1656 wuoslecerit
765 1600 832 1654 inira
850 1600 979 1656 terminos
997 1601 1184 1672 suprascriptos
1202 1600 1349 1656 solidorum
1368 1599 1401 1655 V.

536 1756 576 1795 ro.
595 1741 662 1796 Item
681 1753 808 1796 statutum
827 1753 866 1796 est
884 1742 956 1813 quod
974 1742 996 1796 si
1014 1741 1109 1796 consul
1127 1742 1190 1797 dicti
1208 1741 1314 1813 collegii
1342 1758 1399 1797 non
1417 1743 1519 1797 venerit
1536 1743 1569 1796 ad
1587 1741 1665 1797 colle

497 1831 574 1898 gium
592 1831 831 1901 quotienscumque
848 1829 926 1884 fuerit
944 1831 1084 1902 requisitus
1102 1831 1188 1886 soluat
1206 1833 1325 1885 bannum
1344 1847 1391 1902 pro
1409 1831 1525 1902 qualibet
1538 1831 1595 1886 vice
1607 1830 1666 1886 soli·

499 1920 596 1972 dorum
613 1918 646 1972 X.
666 1919 831 1988 papiensium
850 1919 901 1972 nisi
921 1919 1041 1974 habuerit
1059 1919 1194 1974 licentiam
1212 1921 1245 1972 ab
1263 1919 1317 1973 alio
1335 1919 1452 1973 consule.

536 2073 576 2112 rr.
596 2059 662 2113 Item
682 2071 809 2114 statutum
828 2061 957 2132 estquod
975 2061 997 2114 si
1015 2061 1110 2133 uliquis
1129 2061 1269 2114 massarius
1288 2061 1330 2114 uel
1349 2060 1444 2132 uliquis
1462 2061 1495 2114 de
1513 2061 1596 2114 domo
1614 2059 1664 2114 ali-

503 2149 578 2200 cuius
597 2148 712 2219 missarij
733 2161 868 2219 aseptem
886 2149 963 2202 annis
981 2165 1058 2219 super
1088 2163 1136 2219 pro
1165 2165 1219 2220 quo
1246 2148 1393 2220 pulsaretur
1423 2149 1509 2202 maior
1538 2165 1666 2219 comperto

502 2248 670 2290 rnortuomm
689 2237 826 2290 decederet
844 2237 916 2308 quod
943 2236 1053 2308 quilibet
1072 2237 1211 2290 massarius
1229 2248 1349 2290 terrentur
1367 2249 1394 2290 et
1405 2237 1498 2290 debent
1510 2237 1668 2290 intervenire

500 2323 532 2376 ad
551 2322 701 2377 laciendum
720 2325 745 2377 ei
763 2324 895 2378 honorem
914 2337 940 2377 et
958 2341 987 2377 se
1005 2337 1153 2394 presentare
1183 2324 1216 2378 nd
1237 2324 1349 2378 domum
1368 2337 1430 2378 sote
1447 2340 1528 2394 quom
1556 2324 1667 2377 mdnuer

500 2410 602 2464 leuetur
619 2413 653 2466 de
670 2425 737 2466 terro
756 2413 804 2466 sub
822 2429 890 2482 perro
908 2425 934 2466 et
953 2413 1042 2466 bonno
1060 2429 1108 2483 pro
1126 2413 1244 2484 quolibet
1262 2425 1289 2466 et
1306 2412 1423 2483 quolibet
1444 2413 1501 2466 vice
1519 2411 1666 2466 solidorum

501 2498 533 2552 V.
553 2512 579 2552 et
596 2501 668 2571 quod
687 2501 780 2554 debeat
798 2517 906 2554 manere
924 2501 956 2554 od
975 2500 1113 2555 ecclesiam
1131 2499 1225 2555 soltern
1253 2501 1339 2554 donec
1369 2501 1470 2554 dictum
1497 2501 1608 2554 cadauer
1635 2499 1668 2553 sit

500 2587 645 2657 sepultum.

541 2743 580 2782 12.
599 2728 666 2782 Item
685 2728 757 2799 quod
776 2727 897 2782 consules
915 2729 978 2782 dicti
997 2729 1101 2800 collegij
1122 2729 1235 2783 debeant
1253 2729 1349 2799 precipi
1369 2728 1453 2783 locere
1464 2729 1590 2783 omnibus
1604 2743 1669 2782 mss·

501 2817 576 2887 snrijs
594 2828 722 2888 quatenus
741 2816 853 2870 debeant
871 2817 909 2870 ire
927 2817 959 2870 sd
979 2818 1191 2888 unumquodque
1208 2817 1319 2871 cadauer
1338 2817 1470 2872 dictomm
1482 2817 1668 2870 massariomm

502 2918 529 2959 et
547 2905 598 2959 hoc
616 2905 639 2958 si
658 2905 721 2959 dicti
740 2905 862 2959 consules
880 2905 913 2958 de
931 2907 983 2960 lroc
1001 2905 1118 2976 requisiti
1138 2904 1235 2958 luerint
1254 2906 1297 2974 (1)
1315 2905 1343 2960 in
1363 2923 1432 2976 pens
1450 2917 1477 2960 et
1495 2906 1584 2958 banno
1601 2903 1667 2958 soll-

502 2994 598 3048 dorum
617 2992 653 3048 X
672 3009 720 3064 pro
738 2993 857 3066 quolibet
881 2994 998 3048 consule.

542 3151 581 3205 13.
600 3135 668 3190 Item
686 3147 814 3192 statutum
833 3136 961 3207 estquod
980 3135 1045 3190 dicti
1064 3135 1186 3190 consules
1203 3137 1317 3190 debeant
1335 3147 1437 3206 portare
1455 3148 1501 3189 out
1520 3135 1603 3190 locere
1613 3151 1670 3206 por·

504 3233 558 3275 tare
576 3223 609 3278 sd
628 3226 840 3297 unumquodque
857 3225 970 3278 cadauer
987 3225 1119 3278 dictorum
1138 3225 1324 3280 massariorum
1351 3240 1440 3278 cereos
1470 3223 1534 3278 dicti
1564 3223 1669 3294 collegii

503 3312 553 3364 sub
571 3313 661 3366 bonno
678 3313 826 3367 solidorum
844 3311 880 3366 X.
900 3328 948 3384 pro
966 3311 1085 3383 quolibet
1102 3311 1220 3368 consule.

544 3467 583 3518 14.
603 3454 673 3509 Item
692 3465 820 3508 statutum
838 3467 877 3508 est
895 3454 968 3525 quod
985 3453 1048 3507 dicti
1067 3453 1188 3508 consules
1207 3454 1319 3508 debeant
1329 3453 1427 3524 eligere
1434 3465 1547 3525 quatuor
1558 3454 1591 3507 de
1599 3455 1671 3508 dicto

503 3540 618 3610 collegio
637 3542 669 3595 ad
689 3543 849 3612 portandum
869 3542 1079 3613 unumquodque
1098 3543 1210 3596 cadauer
1228 3544 1261 3595 de
1280 3543 1339 3612 ipso
1358 3542 1472 3612 collegio
1490 3543 1580 3612 etqui
1611 3558 1669 3594 rec-

504 3630 648 3682 cussouerit
668 3631 754 3684 solunt
773 3631 892 3684 bannum
910 3647 958 3700 pro
977 3629 1095 3702 quolibet
1114 3643 1139 3683 et
1157 3629 1274 3702 qualibet
1292 3631 1349 3683 vice
1367 3630 1513 3684 solidorum
1532 3629 1565 3682 X.

544 3789 584 3841 15·
603 3773 670 3825 Item
688 3784 817 3826 statutum
835 3773 964 3843 estquod
983 3771 1433 3842 sialiquasxinsiuesupelletilis
1460 3789 1512 3844 que
1544 3771 1672 3842 pertinent

505 3862 538 3915 ad
556 3861 741 3914 massarecium
760 3861 909 3930 peruenerit
927 3861 959 3913 ad
978 3876 1089 3913 manum
1108 3860 1218 3913 alicuius
1236 3861 1353 3929 massarii
1374 3862 1407 3914 de
1424 3861 1539 3930 collegio
1556 3861 1615 3913 siue
1626 3875 1673 3930 per

506 3949 729 4019 permutationem
748 3949 804 4001 siue
819 3965 868 4021 per
886 3948 1071 4002 inuerrtionem
1091 3949 1147 4001 siue
1165 3948 1219 4002 alio
1237 3949 1333 4019 quouis
1351 3949 1433 4002 modo
1450 3949 1549 4002 adeius
1559 3963 1671 4002 manum

506 4037 655 4106 peruenerit
672 4052 725 4106 que
743 4053 797 4088 non
817 4037 851 4088 sit
868 4053 915 4089 sua
934 4037 1004 4106 quod
1023 4036 1070 4088 ille
1088 4036 1227 4089 massarius
1254 4036 1311 4088 siue
1329 4037 1386 4089 eius
1414 4036 1513 4090 lamilis
1544 4037 1577 4090 od
1597 4035 1672 4089 cuius

507 4142 618 4178 manum
637 4125 786 4195 peruenerit
803 4124 872 4177 dicta
890 4125 948 4177 axis
967 4136 1087 4177 tenentur
1105 4137 1131 4176 et
1149 4125 1241 4177 debent
1260 4125 1345 4193 ipsam
1364 4124 1454 4177 redere
1472 4137 1497 4178 et
1516 4125 1672 4190 consignare

533 4301 565 4352 (r)
578 4301 640 4349 Quse
654 4311 766 4353 sequuntur
780 4300 840 4340 rerba
854 4299 930 4341 lineola
943 4301 1003 4339 ducto
1018 4300 1083 4339 deleto
1099 4299 1162 4339 lucre.
