3926 5542
536 511 586 563 1⁴4

531 633 575 674 tur
592 619 683 682 Quam
701 619 810 690 quidem
829 629 929 673 vestem
948 617 1012 672 boni
1032 619 1112 690 panni
1131 617 1227 672 valoris
1245 619 1279 672 de
1291 634 1345 690 quo
1363 635 1440 690 supra
1454 629 1593 672 teneantur
1604 619 1638 674 ed
1656 620 1699 674 de·

531 709 611 762 beent
628 708 677 778 ipsi
696 707 800 762 domini
827 719 968 777 potestates
995 707 1042 778 qui
1069 707 1191 762 decetero
1217 707 1350 777 eligentur
1376 719 1403 760 et
1420 706 1652 761 confirmabuntur
1670 719 1699 760 st

533 812 611 865 supra
629 796 657 848 in
676 797 747 848 dicto
765 794 854 850 officio
872 795 960 849 eidem
978 796 1025 866 qui
1043 795 1156 866 portabit
1174 796 1272 848 dictatu
1290 793 1449 848 electionem
1467 811 1498 848 ac
1516 794 1591 848 litera
1609 795 1697 866 proui-

530 883 613 936 sionis
632 897 755 953 utsupra
773 885 836 938 dare
853 883 921 937 infra
939 901 1022 938 vnum
1042 901 1163 938 mensem
1180 900 1196 936 a
1215 883 1258 936 die
1276 883 1369 954 adepte
1397 883 1574 954 possessionis
1591 884 1634 937 sui
1652 883 1697 938 of-

530 969 583 1040 ficij
602 972 831 1025 conumerandum
849 972 898 1024 sub
917 989 985 1042 pena
1004 971 1086 1041 dupli.

565 1095 607 1146 80.
628 1093 697 1147 Item
715 1106 833 1147 statuunt
851 1095 975 1146 ordinant
993 1106 1020 1147 et
1038 1093 1182 1148 refonnant
1194 1095 1265 1165 quod
1285 1093 1504 1156 deceteronulla
1518 1110 1696 1164 personaque

530 1181 593 1234 alias
613 1181 689 1234 fuen't
708 1181 735 1234 in
754 1181 846 1234 officio
859 1181 978 1234 beruarie
995 1182 1053 1235 siue
1071 1181 1149 1236 fuen't
1161 1181 1308 1252 familiarijs
1321 1183 1433 1235 alicuius
1445 1182 1549 1236 domini
1562 1182 1698 1252 potestatis

530 1269 592 1321 dicti
611 1269 662 1322 loci
682 1285 737 1322 non
755 1270 849 1322 debeat
867 1285 917 1322 nec
935 1269 1017 1340 possit
1043 1269 1148 1323 admitti
1176 1269 1280 1340 inipso
1310 1269 1400 1323 officio
1418 1287 1468 1323 nec
1486 1271 1519 1322 ad
1538 1270 1696 1323 exercicium

529 1357 611 1426 ipsius
629 1358 679 1410 nisi
698 1357 779 1410 fidem
797 1357 874 1410 faciat
892 1357 964 1427 ptius
982 1369 1008 1410 et
1026 1369 1088 1410 ante
1107 1359 1199 1410 omnia
1210 1376 1256 1428 per
1264 1359 1368 1428 publica
1387 1359 1548 1412 documenta
1566 1359 1638 1428 quod
1650 1375 1698 1428 pro

530 1444 584 1498 alio
601 1444 690 1498 officio
709 1445 780 1497 stetit
798 1445 830 1498 ad
849 1445 1008 1497 sindicatum
1039 1457 1065 1498 et
1092 1461 1140 1514 pro
1170 1447 1381 1517 quibuscumque
1408 1445 1699 1515 condampnacionibus

530 1545 621 1585 contra
639 1533 726 1602 ipsum
745 1531 818 1585 factis
836 1531 960 1585 satisfecit
979 1534 1097 1602 personis
1116 1551 1178 1603 erga
1192 1549 1256 1603 quas
1271 1532 1319 1587 fuit
1332 1534 1544 1604 condempnatus
1563 1533 1700 1604 Quodque

530 1620 602 1672 nulla
613 1635 724 1689 persona
736 1621 817 1690 possit
830 1620 932 1689 admittj
948 1621 1068 1673 decetero
1081 1621 1108 1672 in
1122 1621 1193 1674 dicto
1207 1621 1296 1674 officio
1311 1622 1430 1673 beruarie
1442 1621 1499 1673 siue
1509 1637 1557 1690 pro
1566 1619 1697 1690 familiarii

530 1708 633 1760 domini
652 1708 787 1777 potestatis
805 1707 855 1760 nisi
875 1707 949 1760 locus
967 1723 1014 1760 sue
1032 1707 1179 1778 originiset
1198 1709 1327 1778 domicilij
1344 1709 1423 1761 distet
1436 1725 1451 1761 a
1464 1708 1524 1760 loco
1537 1708 1642 1778 bugelle
1654 1725 1700 1778 per

531 1796 579 1848 tria
598 1795 710 1848 miliaria
728 1809 754 1848 et
772 1796 794 1850 si
812 1796 907 1849 sechus
925 1795 970 1849 fiat
988 1812 1034 1849 seu
1054 1796 1110 1850 lieri
1129 1796 1295 1866 contingeret
1307 1797 1396 1850 omnis
1409 1797 1535 1850 admissio
1547 1809 1574 1849 et
1585 1809 1658 1850 actus
1670 1797 1698 1849 in

529 1884 691 1937 contrarium
710 1883 797 1938 fienda
814 1896 841 1938 et
859 1883 938 1955 fiendi
958 1885 1011 1938 sint
1020 1885 1078 1955 ipso
1096 1887 1155 1954 jure
1167 1885 1240 1937 nulla
1253 1897 1279 1938 et
1291 1884 1391 1938 nullius
1402 1884 1498 1938 valoris
1511 1897 1538 1938 et
1555 1885 1696 1938 momenti.

565 2025 727 2080 Ordinantes
745 2038 861 2095 preterea
879 2027 935 2097 jpsa
953 2027 1126 2096 suprascripta
1144 2037 1240 2080 statuta
1258 2043 1304 2079 seu
1339 2026 1526 2080 ordinaciones
1544 2038 1571 2079 et
1588 2025 1700 2080 declara·

529 2114 620 2166 cinnes
638 2131 684 2183 per
702 2131 745 2168 me
764 2114 898 2167 notarium
917 2114 1111 2184 infrascriptum
1129 2127 1155 2167 et
1173 2115 1286 2168 scribam
1299 2115 1371 2168 curie
1391 2115 1453 2185 dictj
1469 2114 1593 2168 comunis
1604 2114 1699 2168 debere

529 2201 690 2271 incorporari
709 2213 735 2254 et
753 2201 863 2254 describi
883 2201 910 2254 in
930 2201 998 2254 libro
1016 2213 1175 2255 statutorum
1194 2203 1256 2254 dicti
1275 2203 1400 2256 comunis
1419 2215 1446 2256 et
1464 2201 1493 2256 in
1511 2201 1696 2256 sacramantali

529 2289 683 2358 Spectabilis
701 2289 805 2341 domini
824 2290 959 2358 potestatis
977 2303 1004 2342 et
1022 2289 1109 2358 vicarii
1130 2305 1160 2342 ac
1179 2291 1271 2343 Militis
1290 2301 1316 2343 et
1344 2289 1520 2344 familiarium
1548 2289 1654 2361 bugelle
1672 2301 1699 2342 et

530 2377 720 2430 mandamenti.
739 2376 916 2445 Precipientcs
934 2377 983 2445 ipsi
997 2377 1103 2447 prefacti
1117 2378 1221 2430 domini
1234 2378 1364 2432 clauarius
1376 2390 1402 2431 et
1414 2378 1537 2432 consules
1550 2394 1581 2432 ac
1593 2379 1699 2432 medan·

530 2465 594 2534 darij
615 2481 709 2517 eorum
727 2466 838 2518 nomine
856 2477 883 2518 et
900 2465 969 2518 dicte
987 2465 1158 2518 comunitatis
1176 2467 1210 2519 de
1228 2467 1361 2536 premissis
1388 2467 1514 2520 omnibus
1543 2477 1570 2518 et
1587 2466 1699 2537 singuiis

531 2552 666 2622 publicum
686 2552 741 2605 fieri
761 2556 969 2623 instrumentum
988 2570 1034 2623 per
1047 2571 1090 2606 me
1102 2555 1236 2607 notarium
1251 2566 1277 2607 et
1289 2555 1401 2608 scribam
1415 2554 1487 2606 curie
1499 2554 1561 2624 dictj
1575 2555 1699 2607 comunis

530 2639 723 2710 infrascriptum
743 2642 905 2710 presentibus
923 2641 1053 2694 mauricio
1071 2640 1197 2696 cloaterio
1224 2654 1251 2694 ct
1268 2643 1412 2712 augustino
1431 2641 1539 2694 bisacho
1567 2641 1697 2694 ambobus

530 2729 564 2782 de
582 2727 688 2798 bugella
705 2728 815 2781 testibus
833 2729 866 2782 ad
885 2729 1012 2798 premissa
1029 2730 1129 2783 vocatis
1147 2731 1218 2783 notis
1236 2743 1263 2784 et
1281 2730 1387 2801 rogatis
1406 2729 1441 2782 Et
1455 2746 1503 2799 pro
1516 2729 1633 2782 secundo
1651 2745 1699 2782 no·

530 2817 597 2869 tario
616 2815 734 2869 interfuit
752 2817 919 2886 Augustinus
937 2817 971 2870 de
989 2831 1093 2871 cerruto
1112 2819 1230 2871 notarius
1248 2819 1370 2889 publicus
1388 2819 1422 2870 de
1441 2817 1556 2888 bugella„

565 2905 624 2973 Ego
639 2903 775 2973 Johanms
793 2904 890 2958 nobilis
910 2902 1030 2958 francisci
1049 2907 1153 2975 generis
1183 2907 1217 2959 de
1246 2906 1351 2976 bugella
1379 2905 1544 2958 vercellensis
1572 2904 1700 2960 dioecesis

531 2993 650 3063 publicus
670 2992 799 3062 imperiali
818 2995 973 3046 auctoritate
992 2994 1110 3046 notarius
1128 3011 1158 3046 ac
1177 2996 1277 3063 juratus
1295 2996 1328 3047 de
1354 2994 1426 3047 curia
1454 2993 1568 3046 Illustris
1594 2993 1698 3048 domini

531 3081 634 3134 domini
653 3081 736 3134 nostri
748 3082 873 3135 sabaudie
885 3095 934 3134 etc.
954 3081 1028 3134 ducis
1047 3082 1183 3152 scribaque
1201 3084 1273 3135 curie
1285 3083 1461 3136 dominorum
1476 3081 1581 3152 clauarij
1596 3093 1623 3134 et
1638 3099 1700 3135 con-

531 3170 620 3222 sulum
640 3171 762 3222 comunis
781 3170 887 3241 bugelle
905 3171 971 3223 dum
989 3170 1161 3240 suprascripta
1179 3183 1275 3224 statuta
1302 3183 1329 3224 et
1355 3169 1549 3224 declaraciones
1567 3187 1619 3242 que
1637 3183 1699 3224 sunt

531 3276 644 3311 numero
664 3259 719 3312 duo
731 3276 777 3328 per
795 3259 1026 3328 supranominatos
1045 3259 1170 3311 dominos
1188 3259 1333 3312 clauarium
1352 3270 1378 3312 et
1396 3258 1518 3312 consules
1536 3275 1566 3312 ac
1585 3260 1697 3312 credan-

531 3347 618 3399 darios
636 3359 663 3398 vt
682 3347 842 3416 premittitur
861 3346 954 3400 fierent
972 3359 998 3399 et
1016 3347 1194 3398 conderentur
1212 3346 1240 3398 in
1260 3346 1337 3416 plena
1356 3347 1492 3400 credencia
1511 3345 1697 3417 publicationi·

531 3452 583 3505 que
601 3436 719 3504 ipsorum
738 3447 899 3487 statutorum
919 3436 967 3487 sub
986 3451 1058 3486 anno
1077 3451 1168 3486 mense
1187 3435 1218 3486 ed
1238 3435 1281 3486 die
1299 3436 1395 3504 quibus
1412 3451 1490 3504 supra
1509 3433 1575 3486 facte
1594 3451 1699 3504 presens

532 3521 569 3576 fui
588 3535 614 3576 et
632 3523 737 3577 interfui
757 3525 895 3594 ipsamque
914 3521 1109 3575 confectionem
1128 3521 1337 3574 decimacionem
1350 3535 1376 3575 et
1389 3523 1600 3592 publicacionem
1613 3523 1698 3593 recepi

532 3623 558 3664 et
576 3612 664 3680 scripsi
683 3613 796 3681 jusuque
814 3623 840 3663 et
859 3611 985 3663 mandato
1005 3609 1181 3679 pre-factorum
1200 3609 1373 3662 dominorum
1392 3610 1497 3680 clauarij
1519 3623 1544 3662 et
1556 3609 1698 3664 consulum

532 3715 562 3752 ac
580 3699 810 3752 credendariorum
830 3699 884 3768 ipsa
903 3709 1000 3750 statuta
1018 3709 1044 3750 et
1062 3697 1255 3750 declaraciones
1274 3697 1301 3750 in
1321 3697 1458 3751 volumine
1479 3710 1638 3752 statutorum
1656 3715 1698 3752 co·

531 3789 621 3840 munis
640 3787 745 3857 bugelle
763 3798 789 3839 et
808 3787 835 3838 in
855 3787 968 3856 presenti
987 3785 1055 3838 libro
1073 3785 1257 3838 sacramentali
1276 3786 1423 3856 spectabilis
1442 3787 1545 3839 domini
1561 3787 1696 3855 potestatis

531 3877 619 3946 vicatij
640 3876 732 3928 militis
751 3887 776 3928 et
790 3875 959 3928 familiarium
974 3873 1081 3944 bugelle
1093 3885 1119 3926 et
1133 3875 1314 3927 mandamenti
1328 3875 1495 3944 iricorporaui
1509 3887 1534 3927 et
1548 3891 1629 3928 manu
1643 3892 1699 3944 pro

533 3966 587 4035 pria
606 3965 695 4034 scripsi
714 3963 780 4016 facta
799 3963 886 4016 debita
905 3961 1041 4014 colacione
1061 3974 1087 4015 et
1105 3961 1284 4032 liquidacione
1296 3963 1530 4032 suprascriptorum
1541 3975 1699 4016 statutorum

532 4069 594 4105 cum
613 4051 774 4121 compendio
793 4063 818 4103 et
836 4051 964 4104 ditamine
983 4067 1045 4103 cum
1064 4050 1179 4121 Egregia
1198 4050 1351 4120 Augustino
1370 4063 1472 4103 cerruto
1501 4049 1605 4103 notario
1623 4049 1700 4103 infra-

532 4139 628 4208 s:rfpto
648 4138 753 4208 legente
771 4150 797 4190 et
815 4156 859 4191 me
877 4137 1022 4192 ascultante
1040 4149 1182 4207 vtnimque
1200 4138 1360 4190 concordare
1372 4137 1526 4190 inuenimus
1539 4149 1566 4190 et
1577 4137 1605 4190 in
1618 4140 1699 4192 verbo

532 4228 647 4279 veritatis
665 4244 694 4279 ac
713 4226 899 4279 testimonium
918 4226 1106 4296 pennissomm
1126 4225 1169 4278 hic
1188 4242 1232 4278 me
1259 4226 1401 4295 subscripsi
1428 4241 1490 4278 cum
1517 4226 1699 4295 appossicione

532 4315 602 4368 soliti
622 4315 690 4384 signi
711 4331 773 4385 may
791 4313 976 4366 tabellionatus
995 4313 1022 4366 in
1041 4312 1122 4366 fidem
1141 4313 1265 4366 omnium
1284 4312 1487 4383 etsingulorum
1499 4314 1696 4384 permissorum.
