<?xml version="1.0" encoding="UTF-8"?>
<!DOCTYPE html PUBLIC "-//W3C//DTD XHTML 1.0 Transitional//EN"
    "http://www.w3.org/TR/xhtml1/DTD/xhtml1-transitional.dtd">
<html xmlns="http://www.w3.org/1999/xhtml" xml:lang="en" lang="en">
 <head>
  <title>
</title>
<meta http-equiv="Content-Type" content="text/html;charset=utf-8" />
  <meta name='ocr-system' content='tesseract 3.04.00' />
  <meta name='ocr-capabilities' content='ocr_page ocr_carea ocr_par ocr_line ocrx_word'/>
</head>
<body>
  <div class='ocr_page' id='page_1' title='image "./statutacomunisb00sellgoog_0148.png"; bbox 0 0 3958 5540; ppageno 0'>
   <div class='ocr_carea' id='block_1_1' title="bbox 1399 574 1445 612">
    <p class='ocr_par' dir='ltr' id='par_1_1' title="bbox 1399 574 1445 612">
     <span class='ocr_line' id='line_1_1' title="bbox 1399 574 1445 612; baseline 0 0"><span class='ocrx_word' id='word_1_1' title='bbox 1399 574 1445 612; x_wconf 94' lang='lat' dir='ltr'><strong>lll</strong></span> 
     </span>
    </p>
   </div>
   <div class='ocr_carea' id='block_1_2' title="bbox 280 681 1450 845">
    <p class='ocr_par' dir='ltr' id='par_1_2' title="bbox 280 681 1450 845">
     <span class='ocr_line' id='line_1_2' title="bbox 318 681 1450 758; baseline -0.005 -16"><span class='ocrx_word' id='word_1_2' title='bbox 318 703 376 758; x_wconf 87' lang='lat'>¹77·</span> <span class='ocrx_word' id='word_1_3' title='bbox 396 687 463 742; x_wconf 87' lang='lat' dir='ltr'><strong>ltent</strong></span> <span class='ocrx_word' id='word_1_4' title='bbox 481 687 554 758; x_wconf 91' lang='lat' dir='ltr'><strong>quod</strong></span> <span class='ocrx_word' id='word_1_5' title='bbox 581 687 626 758; x_wconf 90' lang='lat' dir='ltr'><strong>qui</strong></span> <span class='ocrx_word' id='word_1_6' title='bbox 654 685 808 740; x_wconf 81' lang='lat' dir='ltr'><strong>elienauerit</strong></span> <span class='ocrx_word' id='word_1_7' title='bbox 835 685 869 741; x_wconf 89' lang='lat' dir='ltr'><strong>de</strong></span> <span class='ocrx_word' id='word_1_8' title='bbox 898 701 1042 739; x_wconf 85' lang='lat' dir='ltr'><strong>consenssu</strong></span> <span class='ocrx_word' id='word_1_9' title='bbox 1070 683 1132 738; x_wconf 91' lang='lat' dir='ltr'><strong>dicti</strong></span> <span class='ocrx_word' id='word_1_10' title='bbox 1158 683 1280 739; x_wconf 89' lang='lat' dir='ltr'><strong>comunis</strong></span> <span class='ocrx_word' id='word_1_11' title='bbox 1298 681 1384 738; x_wconf 83' lang='lat' dir='ltr'><strong>soluat</strong></span> <span class='ocrx_word' id='word_1_12' title='bbox 1402 697 1450 753; x_wconf 90' lang='lat' dir='ltr'><strong>pto</strong></span> 
     </span>
     <span class='ocr_line' id='line_1_3' title="bbox 280 771 1163 845; baseline -0.003 -16"><span class='ocrx_word' id='word_1_13' title='bbox 280 775 438 830; x_wconf 81' lang='lat' dir='ltr'><strong>inuestituta</strong></span> <span class='ocrx_word' id='word_1_14' title='bbox 455 773 654 829; x_wconf 81' lang='lat' dir='ltr'><strong>denarios-XII.</strong></span> <span class='ocrx_word' id='word_1_15' title='bbox 673 790 721 845; x_wconf 95' lang='lat' dir='ltr'><strong>pro</strong></span> <span class='ocrx_word' id='word_1_16' title='bbox 740 771 805 828; x_wconf 79' lang='lat' dir='ltr'><strong>libre</strong></span> <span class='ocrx_word' id='word_1_17' title='bbox 824 773 857 826; x_wconf 88' lang='lat' dir='ltr'><strong>Et</strong></span> <span class='ocrx_word' id='word_1_18' title='bbox 875 785 980 844; x_wconf 81' lang='lat' dir='ltr'><strong>emptor</strong></span> <span class='ocrx_word' id='word_1_19' title='bbox 997 772 1163 826; x_wconf 84' lang='lat' dir='ltr'><strong>tantundem.</strong></span> 
     </span>
    </p>
   </div>
   <div class='ocr_carea' id='block_1_3' title="bbox 280 909 1451 1166">
    <p class='ocr_par' dir='ltr' id='par_1_3' title="bbox 280 909 1451 1166">
     <span class='ocr_line' id='line_1_4' title="bbox 319 909 1451 986; baseline -0.005 -15"><span class='ocrx_word' id='word_1_20' title='bbox 319 917 377 986; x_wconf 85' lang='lat'><strong>178.</strong></span> <span class='ocrx_word' id='word_1_21' title='bbox 396 916 463 970; x_wconf 90' lang='lat' dir='ltr'><strong>Item</strong></span> <span class='ocrx_word' id='word_1_22' title='bbox 481 915 553 986; x_wconf 91' lang='lat' dir='ltr'><strong>quod</strong></span> <span class='ocrx_word' id='word_1_23' title='bbox 572 914 661 968; x_wconf 87' lang='lat' dir='ltr'><strong>nullus</strong></span> <span class='ocrx_word' id='word_1_24' title='bbox 679 915 775 968; x_wconf 78' lang='lat' dir='ltr'><strong>vendet</strong></span> <span class='ocrx_word' id='word_1_25' title='bbox 794 911 836 968; x_wconf 89' lang='lat' dir='ltr'><strong>uel</strong></span> <span class='ocrx_word' id='word_1_26' title='bbox 856 925 927 967; x_wconf 83' lang='lat' dir='ltr'><strong>emat</strong></span> <span class='ocrx_word' id='word_1_27' title='bbox 945 913 1026 984; x_wconf 83' lang='lat' dir='ltr'><strong>pixes,</strong></span> <span class='ocrx_word' id='word_1_28' title='bbox 1044 928 1106 978; x_wconf 81' lang='lat' dir='ltr'><strong>oua,</strong></span> <span class='ocrx_word' id='word_1_29' title='bbox 1124 909 1272 966; x_wconf 77' lang='lat' dir='ltr'><strong>sdusxints</strong></span> <span class='ocrx_word' id='word_1_30' title='bbox 1288 909 1331 966; x_wconf 92' lang='lat' dir='ltr'><strong>uel</strong></span> <span class='ocrx_word' id='word_1_31' title='bbox 1344 927 1451 966; x_wconf 74' lang='lat' dir='ltr'><strong>caseum</strong></span> 
     </span>
     <span class='ocr_line' id='line_1_5' title="bbox 280 997 1451 1075; baseline -0.003 -17"><span class='ocrx_word' id='word_1_32' title='bbox 280 1005 331 1058; x_wconf 90' lang='lat' dir='ltr'><strong>nisi</strong></span> <span class='ocrx_word' id='word_1_33' title='bbox 350 1004 419 1058; x_wconf 79' lang='lat' dir='ltr'><strong>intra</strong></span> <span class='ocrx_word' id='word_1_34' title='bbox 437 1003 527 1058; x_wconf 90' lang='lat' dir='ltr'><strong>locum</strong></span> <span class='ocrx_word' id='word_1_35' title='bbox 546 1001 651 1075; x_wconf 86' lang='lat' dir='ltr'><strong>bugelle</strong></span> <span class='ocrx_word' id='word_1_36' title='bbox 669 1001 773 1074; x_wconf 91' lang='lat' dir='ltr'><strong>publice</strong></span> <span class='ocrx_word' id='word_1_37' title='bbox 790 1001 819 1056; x_wconf 89' lang='lat' dir='ltr'><strong>in</strong></span> <span class='ocrx_word' id='word_1_38' title='bbox 838 1000 958 1072; x_wconf 84' lang='lat' dir='ltr'><strong>platbeis,</strong></span> <span class='ocrx_word' id='word_1_39' title='bbox 976 1001 1025 1056; x_wconf 91' lang='lat' dir='ltr'><strong>sub</strong></span> <span class='ocrx_word' id='word_1_40' title='bbox 1044 1001 1134 1056; x_wconf 88' lang='lat' dir='ltr'><strong>banno</strong></span> <span class='ocrx_word' id='word_1_41' title='bbox 1155 999 1306 1055; x_wconf 87' lang='lat' dir='ltr'><strong>solidorum</strong></span> <span class='ocrx_word' id='word_1_42' title='bbox 1329 997 1387 1054; x_wconf 76' lang='lat' dir='ltr'><strong>XX</strong></span> <span class='ocrx_word' id='word_1_43' title='bbox 1409 1015 1451 1070; x_wconf 76' lang='lat' dir='ltr'><strong>pn·</strong></span> 
     </span>
     <span class='ocr_line' id='line_1_6' title="bbox 281 1107 422 1166; baseline 0 -20"><span class='ocrx_word' id='word_1_44' title='bbox 281 1107 422 1166; x_wconf 75' lang='lat' dir='ltr'><strong>prensum.</strong></span> 
     </span>
    </p>
   </div>
   <div class='ocr_carea' id='block_1_4' title="bbox 566 1317 1167 1390">
    <p class='ocr_par' dir='ltr' id='par_1_4' title="bbox 566 1317 1167 1390">
     <span class='ocr_line' id='line_1_7' title="bbox 566 1317 1167 1390; baseline -0.007 -16"><span class='ocrx_word' id='word_1_45' title='bbox 566 1335 608 1390; x_wconf 70' lang='grc' dir='ltr'><strong>ις.</strong></span> <span class='ocrx_word' id='word_1_46' title='bbox 628 1320 676 1374; x_wconf 78' lang='lat' dir='ltr'><strong>ne</strong></span> <span class='ocrx_word' id='word_1_47' title='bbox 694 1317 924 1375; x_wconf 79' lang='lat' dir='ltr'><strong>neuotusus</strong></span> <span class='ocrx_word' id='word_1_48' title='bbox 944 1349 977 1360; x_wconf 90' lang='lat'>-</span> <span class='ocrx_word' id='word_1_49' title='bbox 997 1317 1051 1374; x_wconf 73' lang='lat' dir='ltr'><strong>rot.</strong></span> <span class='ocrx_word' id='word_1_50' title='bbox 1072 1331 1167 1372; x_wconf 71' lang='lat' dir='ltr'><strong>erm.</strong></span> 
     </span>
    </p>
   </div>
   <div class='ocr_carea' id='block_1_5' title="bbox 282 1487 1451 2098">
    <p class='ocr_par' dir='ltr' id='par_1_5' title="bbox 282 1487 1451 1656">
     <span class='ocr_line' id='line_1_8' title="bbox 323 1487 1451 1568; baseline -0.007 -17"><span class='ocrx_word' id='word_1_51' title='bbox 323 1513 380 1568; x_wconf 84' lang='lat'>¹79·</span> <span class='ocrx_word' id='word_1_52' title='bbox 399 1497 430 1550; x_wconf 92' lang='lat' dir='ltr'><strong>ln</strong></span> <span class='ocrx_word' id='word_1_53' title='bbox 450 1495 541 1567; x_wconf 88' lang='lat' dir='ltr'><strong>primis</strong></span> <span class='ocrx_word' id='word_1_54' title='bbox 559 1506 688 1549; x_wconf 86' lang='lat' dir='ltr'><strong>statutum</strong></span> <span class='ocrx_word' id='word_1_55' title='bbox 707 1507 746 1548; x_wconf 73' lang='lat' dir='ltr'><strong>est</strong></span> <span class='ocrx_word' id='word_1_56' title='bbox 764 1493 836 1567; x_wconf 89' lang='lat' dir='ltr'><strong>quod</strong></span> <span class='ocrx_word' id='word_1_57' title='bbox 852 1493 897 1548; x_wconf 89' lang='lat' dir='ltr'><strong>illa</strong></span> <span class='ocrx_word' id='word_1_58' title='bbox 915 1509 1027 1564; x_wconf 79' lang='lat' dir='ltr'><strong>persom</strong></span> <span class='ocrx_word' id='word_1_59' title='bbox 1045 1509 1098 1564; x_wconf 91' lang='lat' dir='ltr'><strong>que</strong></span> <span class='ocrx_word' id='word_1_60' title='bbox 1116 1503 1216 1546; x_wconf 79' lang='lat' dir='ltr'><strong>uetaret</strong></span> <span class='ocrx_word' id='word_1_61' title='bbox 1235 1492 1331 1563; x_wconf 84' lang='lat' dir='ltr'><strong>pignus</strong></span> <span class='ocrx_word' id='word_1_62' title='bbox 1350 1487 1451 1544; x_wconf 83' lang='lat' dir='ltr'><strong>nuncio</strong></span> 
     </span>
     <span class='ocr_line' id='line_1_9' title="bbox 282 1579 1366 1656; baseline -0.007 -16"><span class='ocrx_word' id='word_1_63' title='bbox 282 1586 405 1641; x_wconf 86' lang='lat' dir='ltr'><strong>comunis</strong></span> <span class='ocrx_word' id='word_1_64' title='bbox 423 1599 471 1656; x_wconf 92' lang='lat' dir='ltr'><strong>pro</strong></span> <span class='ocrx_word' id='word_1_65' title='bbox 489 1583 579 1654; x_wconf 86' lang='lat' dir='ltr'><strong>nliquo</strong></span> <span class='ocrx_word' id='word_1_66' title='bbox 598 1583 688 1637; x_wconf 89' lang='lat' dir='ltr'><strong>debito</strong></span> <span class='ocrx_word' id='word_1_67' title='bbox 707 1582 771 1637; x_wconf 90' lang='lat' dir='ltr'><strong>dicti</strong></span> <span class='ocrx_word' id='word_1_68' title='bbox 790 1582 921 1636; x_wconf 82' lang='lat' dir='ltr'><strong>comunis</strong></span> <span class='ocrx_word' id='word_1_69' title='bbox 940 1581 1034 1635; x_wconf 82' lang='lat' dir='ltr'><strong>Solust</strong></span> <span class='ocrx_word' id='word_1_70' title='bbox 1052 1580 1152 1635; x_wconf 91' lang='lat' dir='ltr'><strong>solidos</strong></span> <span class='ocrx_word' id='word_1_71' title='bbox 1171 1580 1204 1635; x_wconf 91' lang='lat' dir='ltr'><strong>V.</strong></span> <span class='ocrx_word' id='word_1_72' title='bbox 1222 1579 1366 1652; x_wconf 80' lang='lat' dir='ltr'><strong>papienses.</strong></span> 
     </span>
    </p>

    <p class='ocr_par' dir='ltr' id='par_1_6' title="bbox 319 1669 1069 1740">
     <span class='ocr_line' id='line_1_10' title="bbox 319 1669 1069 1740; baseline -0.005 -14"><span class='ocrx_word' id='word_1_73' title='bbox 319 1673 352 1726; x_wconf 89' lang='lat' dir='ltr'><strong>Et</strong></span> <span class='ocrx_word' id='word_1_74' title='bbox 370 1673 391 1726; x_wconf 87' lang='lat' dir='ltr'><strong>si</strong></span> <span class='ocrx_word' id='word_1_75' title='bbox 411 1683 511 1726; x_wconf 70' lang='lat' dir='ltr'><strong>uetaret</strong></span> <span class='ocrx_word' id='word_1_76' title='bbox 528 1671 631 1726; x_wconf 88' lang='lat' dir='ltr'><strong>consuli</strong></span> <span class='ocrx_word' id='word_1_77' title='bbox 649 1669 736 1725; x_wconf 80' lang='lat' dir='ltr'><strong>solunt</strong></span> <span class='ocrx_word' id='word_1_78' title='bbox 754 1669 854 1724; x_wconf 91' lang='lat' dir='ltr'><strong>solidos</strong></span> <span class='ocrx_word' id='word_1_79' title='bbox 872 1669 905 1723; x_wconf 99' lang='lat' dir='ltr'><strong>X.</strong></span> <span class='ocrx_word' id='word_1_80' title='bbox 923 1669 1069 1740; x_wconf 77' lang='lat' dir='ltr'><strong>papienses.</strong></span> 
     </span>
    </p>

    <p class='ocr_par' dir='ltr' id='par_1_7' title="bbox 317 1757 893 1829">
     <span class='ocr_line' id='line_1_11' title="bbox 317 1757 893 1829; baseline -0.007 -15"><span class='ocrx_word' id='word_1_81' title='bbox 317 1761 350 1814; x_wconf 88' lang='lat' dir='ltr'><strong>Et</strong></span> <span class='ocrx_word' id='word_1_82' title='bbox 368 1759 390 1812; x_wconf 90' lang='lat' dir='ltr'><strong>si</strong></span> <span class='ocrx_word' id='word_1_83' title='bbox 409 1759 534 1814; x_wconf 84' lang='lat' dir='ltr'><strong>Cluuario</strong></span> <span class='ocrx_word' id='word_1_84' title='bbox 554 1757 654 1813; x_wconf 85' lang='lat' dir='ltr'><strong>solidos</strong></span> <span class='ocrx_word' id='word_1_85' title='bbox 671 1757 730 1812; x_wconf 92' lang='lat' dir='ltr'><strong>XX.</strong></span> <span class='ocrx_word' id='word_1_86' title='bbox 748 1759 893 1829; x_wconf 75' lang='lat' dir='ltr'><strong>papienses.</strong></span> 
     </span>
    </p>

    <p class='ocr_par' dir='ltr' id='par_1_8' title="bbox 318 1843 1236 1918">
     <span class='ocr_line' id='line_1_12' title="bbox 318 1843 1236 1918; baseline -0.008 -14"><span class='ocrx_word' id='word_1_87' title='bbox 318 1851 351 1904; x_wconf 86' lang='lat' dir='ltr'><strong>Et</strong></span> <span class='ocrx_word' id='word_1_88' title='bbox 369 1850 390 1904; x_wconf 89' lang='lat' dir='ltr'><strong>si</strong></span> <span class='ocrx_word' id='word_1_89' title='bbox 410 1849 552 1904; x_wconf 82' lang='lat' dir='ltr'><strong>Clauderet</strong></span> <span class='ocrx_word' id='word_1_90' title='bbox 569 1847 689 1902; x_wconf 88' lang='lat' dir='ltr'><strong>hostium</strong></span> <span class='ocrx_word' id='word_1_91' title='bbox 707 1847 786 1902; x_wconf 79' lang='lat' dir='ltr'><strong>elicui</strong></span> <span class='ocrx_word' id='word_1_92' title='bbox 804 1847 931 1918; x_wconf 87' lang='lat' dir='ltr'><strong>ipsorum.</strong></span> <span class='ocrx_word' id='word_1_93' title='bbox 950 1845 1044 1899; x_wconf 80' lang='lat' dir='ltr'><strong>Solutt</strong></span> <span class='ocrx_word' id='word_1_94' title='bbox 1062 1843 1162 1899; x_wconf 85' lang='lat' dir='ltr'><strong>solidos</strong></span> <span class='ocrx_word' id='word_1_95' title='bbox 1180 1843 1236 1898; x_wconf 89' lang='lat' dir='ltr'><strong>XL.</strong></span> 
     </span>
    </p>

    <p class='ocr_par' dir='ltr' id='par_1_9' title="bbox 285 1931 1449 2098">
     <span class='ocr_line' id='line_1_13' title="bbox 318 1931 1449 2009; baseline -0.006 -17"><span class='ocrx_word' id='word_1_96' title='bbox 318 1938 352 1992; x_wconf 85' lang='lat' dir='ltr'><strong>Et</strong></span> <span class='ocrx_word' id='word_1_97' title='bbox 369 1939 391 1992; x_wconf 93' lang='lat' dir='ltr'><strong>si</strong></span> <span class='ocrx_word' id='word_1_98' title='bbox 409 1948 514 1992; x_wconf 77' lang='lat' dir='ltr'><strong>tanturn</strong></span> <span class='ocrx_word' id='word_1_99' title='bbox 533 1937 680 2008; x_wconf 77' lang='lat' dir='ltr'><strong>persisteret</strong></span> <span class='ocrx_word' id='word_1_100' title='bbox 697 1935 726 1990; x_wconf 91' lang='lat' dir='ltr'><strong>in</strong></span> <span class='ocrx_word' id='word_1_101' title='bbox 744 1935 912 1990; x_wconf 79' lang='lat' dir='ltr'><strong>contumacis</strong></span> <span class='ocrx_word' id='word_1_102' title='bbox 931 1935 1003 2009; x_wconf 91' lang='lat' dir='ltr'><strong>quod</strong></span> <span class='ocrx_word' id='word_1_103' title='bbox 1021 1944 1127 2007; x_wconf 89' lang='lat' dir='ltr'><strong>propter</strong></span> <span class='ocrx_word' id='word_1_104' title='bbox 1144 1931 1196 1986; x_wconf 91' lang='lat' dir='ltr'><strong>hoc</strong></span> <span class='ocrx_word' id='word_1_105' title='bbox 1220 1931 1336 1986; x_wconf 75' lang='lat' dir='ltr'><strong>iacerent</strong></span> <span class='ocrx_word' id='word_1_106' title='bbox 1354 1931 1449 2004; x_wconf 86' lang='lat' dir='ltr'><strong>pulsari</strong></span> 
     </span>
     <span class='ocr_line' id='line_1_14' title="bbox 285 2023 896 2098; baseline -0.003 -18"><span class='ocrx_word' id='word_1_107' title='bbox 285 2043 451 2098; x_wconf 75' lang='lat' dir='ltr'><strong>campanum.</strong></span> <span class='ocrx_word' id='word_1_108' title='bbox 470 2025 565 2080; x_wconf 89' lang='lat' dir='ltr'><strong>Soluat</strong></span> <span class='ocrx_word' id='word_1_109' title='bbox 582 2023 682 2079; x_wconf 88' lang='lat' dir='ltr'><strong>solidos</strong></span> <span class='ocrx_word' id='word_1_110' title='bbox 700 2023 732 2078; x_wconf 90' lang='lat' dir='ltr'><strong>C.</strong></span> <span class='ocrx_word' id='word_1_111' title='bbox 751 2025 896 2096; x_wconf 75' lang='lat' dir='ltr'><strong>papienses.</strong></span> 
     </span>
    </p>
   </div>
   <div class='ocr_carea' id='block_1_6' title="bbox 284 2165 1452 2501">
    <p class='ocr_par' dir='ltr' id='par_1_10' title="bbox 284 2165 1452 2501">
     <span class='ocr_line' id='line_1_15' title="bbox 322 2165 1452 2241; baseline 0 -19"><span class='ocrx_word' id='word_1_112' title='bbox 322 2167 378 2222; x_wconf 86' lang='lat'><strong>180.</strong></span> <span class='ocrx_word' id='word_1_113' title='bbox 396 2166 463 2222; x_wconf 87' lang='lat' dir='ltr'><strong>Item</strong></span> <span class='ocrx_word' id='word_1_114' title='bbox 481 2167 553 2241; x_wconf 90' lang='lat' dir='ltr'><strong>quod</strong></span> <span class='ocrx_word' id='word_1_115' title='bbox 573 2167 619 2240; x_wconf 91' lang='lat' dir='ltr'><strong>qui</strong></span> <span class='ocrx_word' id='word_1_116' title='bbox 638 2166 783 2221; x_wconf 74' lang='lat' dir='ltr'><strong>occasione</strong></span> <span class='ocrx_word' id='word_1_117' title='bbox 801 2165 883 2220; x_wconf 89' lang='lat' dir='ltr'><strong>debiti</strong></span> <span class='ocrx_word' id='word_1_118' title='bbox 901 2165 1023 2221; x_wconf 88' lang='lat' dir='ltr'><strong>comunis</strong></span> <span class='ocrx_word' id='word_1_119' title='bbox 1041 2166 1086 2222; x_wconf 88' lang='lat' dir='ltr'><strong>uel</strong></span> <span class='ocrx_word' id='word_1_120' title='bbox 1104 2166 1211 2222; x_wconf 82' lang='lat' dir='ltr'><strong>ulterius</strong></span> <span class='ocrx_word' id='word_1_121' title='bbox 1229 2165 1337 2238; x_wconf 76' lang='lat' dir='ltr'><strong>aliquod</strong></span> <span class='ocrx_word' id='word_1_122' title='bbox 1355 2167 1452 2240; x_wconf 84' lang='lat' dir='ltr'><strong>pignus</strong></span> 
     </span>
     <span class='ocr_line' id='line_1_16' title="bbox 284 2254 1452 2327; baseline 0.001 -19"><span class='ocrx_word' id='word_1_123' title='bbox 284 2255 441 2326; x_wconf 80' lang='lat' dir='ltr'><strong>obligauerit</strong></span> <span class='ocrx_word' id='word_1_124' title='bbox 458 2272 507 2327; x_wconf 93' lang='lat' dir='ltr'><strong>pro</strong></span> <span class='ocrx_word' id='word_1_125' title='bbox 524 2255 578 2310; x_wconf 80' lang='lat' dir='ltr'><strong>elio</strong></span> <span class='ocrx_word' id='word_1_126' title='bbox 598 2255 641 2309; x_wconf 86' lang='lat' dir='ltr'><strong>uel</strong></span> <span class='ocrx_word' id='word_1_127' title='bbox 660 2255 747 2325; x_wconf 87' lang='lat' dir='ltr'><strong>ipsum</strong></span> <span class='ocrx_word' id='word_1_128' title='bbox 765 2254 794 2308; x_wconf 90' lang='lat' dir='ltr'><strong>in</strong></span> <span class='ocrx_word' id='word_1_129' title='bbox 814 2255 934 2308; x_wconf 83' lang='lat' dir='ltr'><strong>custodis</strong></span> <span class='ocrx_word' id='word_1_130' title='bbox 946 2255 1071 2325; x_wconf 81' lang='lat' dir='ltr'><strong>receperit</strong></span> <span class='ocrx_word' id='word_1_131' title='bbox 1082 2254 1148 2310; x_wconf 91' lang='lat' dir='ltr'><strong>illud</strong></span> <span class='ocrx_word' id='word_1_132' title='bbox 1161 2255 1318 2326; x_wconf 79' lang='lat' dir='ltr'><strong>consignare</strong></span> <span class='ocrx_word' id='word_1_133' title='bbox 1327 2254 1452 2310; x_wconf 77' lang='lat' dir='ltr'><strong>Clanario</strong></span> 
     </span>
     <span class='ocr_line' id='line_1_17' title="bbox 284 2342 1450 2414; baseline 0 -18"><span class='ocrx_word' id='word_1_134' title='bbox 284 2342 326 2396; x_wconf 89' lang='lat' dir='ltr'><strong>uel</strong></span> <span class='ocrx_word' id='word_1_135' title='bbox 345 2343 419 2396; x_wconf 87' lang='lat' dir='ltr'><strong>alteri</strong></span> <span class='ocrx_word' id='word_1_136' title='bbox 437 2343 559 2398; x_wconf 85' lang='lat' dir='ltr'><strong>creditori</strong></span> <span class='ocrx_word' id='word_1_137' title='bbox 578 2342 698 2412; x_wconf 74' lang='lat' dir='ltr'><strong>obligato</strong></span> <span class='ocrx_word' id='word_1_138' title='bbox 725 2354 751 2396; x_wconf 91' lang='lat' dir='ltr'><strong>et</strong></span> <span class='ocrx_word' id='word_1_139' title='bbox 770 2343 906 2397; x_wconf 79' lang='lat' dir='ltr'><strong>restituere</strong></span> <span class='ocrx_word' id='word_1_140' title='bbox 932 2353 1052 2396; x_wconf 72' lang='lat' dir='ltr'><strong>tenentur</strong></span> <span class='ocrx_word' id='word_1_141' title='bbox 1070 2343 1197 2414; x_wconf 84' lang='lat' dir='ltr'><strong>quociens</strong></span> <span class='ocrx_word' id='word_1_142' title='bbox 1215 2342 1293 2397; x_wconf 86' lang='lat' dir='ltr'><strong>luerit</strong></span> <span class='ocrx_word' id='word_1_143' title='bbox 1310 2342 1450 2413; x_wconf 82' lang='lat' dir='ltr'><strong>requisints</strong></span> 
     </span>
     <span class='ocr_line' id='line_1_18' title="bbox 284 2431 745 2501; baseline 0 -17"><span class='ocrx_word' id='word_1_144' title='bbox 284 2433 332 2484; x_wconf 88' lang='lat' dir='ltr'><strong>sub</strong></span> <span class='ocrx_word' id='word_1_145' title='bbox 350 2431 439 2486; x_wconf 83' lang='lat' dir='ltr'><strong>banno</strong></span> <span class='ocrx_word' id='word_1_146' title='bbox 457 2431 604 2486; x_wconf 85' lang='lat' dir='ltr'><strong>solidorum</strong></span> <span class='ocrx_word' id='word_1_147' title='bbox 625 2431 683 2486; x_wconf 89' lang='lat' dir='ltr'><strong>XX.</strong></span> <span class='ocrx_word' id='word_1_148' title='bbox 702 2431 745 2501; x_wconf 88' lang='lat' dir='ltr'><strong>(t)</strong></span> 
     </span>
    </p>
   </div>
   <div class='ocr_carea' id='block_1_7' title="bbox 285 2569 1451 2732">
    <p class='ocr_par' dir='ltr' id='par_1_11' title="bbox 285 2569 1451 2732">
     <span class='ocr_line' id='line_1_19' title="bbox 323 2569 1451 2644; baseline -0.002 -18"><span class='ocrx_word' id='word_1_149' title='bbox 323 2573 379 2627; x_wconf 79' lang='lat'><strong>181.</strong></span> <span class='ocrx_word' id='word_1_150' title='bbox 400 2573 466 2626; x_wconf 89' lang='lat' dir='ltr'><strong>Item</strong></span> <span class='ocrx_word' id='word_1_151' title='bbox 484 2573 557 2643; x_wconf 92' lang='lat' dir='ltr'><strong>quod</strong></span> <span class='ocrx_word' id='word_1_152' title='bbox 575 2571 686 2644; x_wconf 84' lang='lat' dir='ltr'><strong>quilibet</strong></span> <span class='ocrx_word' id='word_1_153' title='bbox 704 2587 783 2626; x_wconf 90' lang='lat' dir='ltr'><strong>suutn</strong></span> <span class='ocrx_word' id='word_1_154' title='bbox 801 2571 898 2642; x_wconf 80' lang='lat' dir='ltr'><strong>pignus</strong></span> <span class='ocrx_word' id='word_1_155' title='bbox 916 2589 931 2626; x_wconf 83' lang='lat' dir='ltr'><strong>s</strong></span> <span class='ocrx_word' id='word_1_156' title='bbox 950 2571 1074 2626; x_wconf 81' lang='lat' dir='ltr'><strong>Clausrio</strong></span> <span class='ocrx_word' id='word_1_157' title='bbox 1086 2569 1153 2624; x_wconf 87' lang='lat' dir='ltr'><strong>infra</strong></span> <span class='ocrx_word' id='word_1_158' title='bbox 1166 2571 1332 2625; x_wconf 80' lang='lat' dir='ltr'><strong>natiuitntem</strong></span> <span class='ocrx_word' id='word_1_159' title='bbox 1348 2572 1451 2626; x_wconf 87' lang='lat' dir='ltr'><strong>domini</strong></span> 
     </span>
     <span class='ocr_line' id='line_1_20' title="bbox 285 2659 1272 2732; baseline -0.001 -18"><span class='ocrx_word' id='word_1_160' title='bbox 285 2661 413 2714; x_wconf 73' lang='lat' dir='ltr'><strong>redimere</strong></span> <span class='ocrx_word' id='word_1_161' title='bbox 431 2673 559 2726; x_wconf 74' lang='lat' dir='ltr'><strong>tenentur,</strong></span> <span class='ocrx_word' id='word_1_162' title='bbox 578 2660 707 2732; x_wconf 87' lang='lat' dir='ltr'><strong>Alioquin</strong></span> <span class='ocrx_word' id='word_1_163' title='bbox 727 2659 810 2714; x_wconf 88' lang='lat' dir='ltr'><strong>nichil</strong></span> <span class='ocrx_word' id='word_1_164' title='bbox 827 2661 897 2715; x_wconf 83' lang='lat' dir='ltr'><strong>dictn</strong></span> <span class='ocrx_word' id='word_1_165' title='bbox 915 2660 1059 2714; x_wconf 75' lang='lat' dir='ltr'><strong>occasione</strong></span> <span class='ocrx_word' id='word_1_166' title='bbox 1077 2671 1164 2731; x_wconf 88' lang='lat' dir='ltr'><strong>petere</strong></span> <span class='ocrx_word' id='word_1_167' title='bbox 1182 2661 1272 2730; x_wconf 89' lang='lat' dir='ltr'><strong>possit.</strong></span> 
     </span>
    </p>
   </div>
   <div class='ocr_carea' id='block_1_8' title="bbox 285 2799 1453 2960">
    <p class='ocr_par' dir='ltr' id='par_1_12' title="bbox 285 2799 1453 2960">
     <span class='ocr_line' id='line_1_21' title="bbox 322 2799 1453 2874; baseline 0 -20"><span class='ocrx_word' id='word_1_168' title='bbox 322 2801 379 2854; x_wconf 81' lang='lat'><strong>182.</strong></span> <span class='ocrx_word' id='word_1_169' title='bbox 399 2800 465 2856; x_wconf 86' lang='lat' dir='ltr'><strong>Item</strong></span> <span class='ocrx_word' id='word_1_170' title='bbox 484 2800 594 2874; x_wconf 88' lang='lat' dir='ltr'><strong>quilibet</strong></span> <span class='ocrx_word' id='word_1_171' title='bbox 611 2801 706 2855; x_wconf 71' lang='lat' dir='ltr'><strong>debent</strong></span> <span class='ocrx_word' id='word_1_172' title='bbox 723 2799 808 2854; x_wconf 79' lang='lat' dir='ltr'><strong>secere</strong></span> <span class='ocrx_word' id='word_1_173' title='bbox 826 2817 905 2854; x_wconf 88' lang='lat' dir='ltr'><strong>suunt</strong></span> <span class='ocrx_word' id='word_1_174' title='bbox 924 2800 1021 2871; x_wconf 80' lang='lat' dir='ltr'><strong>pignus</strong></span> <span class='ocrx_word' id='word_1_175' title='bbox 1038 2801 1141 2854; x_wconf 87' lang='lat' dir='ltr'><strong>bonum</strong></span> <span class='ocrx_word' id='word_1_176' title='bbox 1159 2813 1186 2854; x_wconf 94' lang='lat' dir='ltr'><strong>et</strong></span> <span class='ocrx_word' id='word_1_177' title='bbox 1204 2799 1337 2854; x_wconf 84' lang='lat' dir='ltr'><strong>sufficiens</strong></span> <span class='ocrx_word' id='word_1_178' title='bbox 1370 2817 1453 2871; x_wconf 89' lang='lat' dir='ltr'><strong>usque</strong></span> 
     </span>
     <span class='ocr_line' id='line_1_22' title="bbox 285 2885 1324 2960; baseline 0 -18"><span class='ocrx_word' id='word_1_179' title='bbox 285 2891 317 2942; x_wconf 83' lang='lat' dir='ltr'><strong>ad</strong></span> <span class='ocrx_word' id='word_1_180' title='bbox 337 2889 452 2943; x_wconf 76' lang='lat' dir='ltr'><strong>debitam</strong></span> <span class='ocrx_word' id='word_1_181' title='bbox 471 2889 646 2960; x_wconf 73' lang='lat' dir='ltr'><strong>quantitatem</strong></span> <span class='ocrx_word' id='word_1_182' title='bbox 665 2889 713 2942; x_wconf 92' lang='lat' dir='ltr'><strong>sub</strong></span> <span class='ocrx_word' id='word_1_183' title='bbox 732 2889 821 2944; x_wconf 90' lang='lat' dir='ltr'><strong>banno</strong></span> <span class='ocrx_word' id='word_1_184' title='bbox 840 2885 986 2942; x_wconf 88' lang='lat' dir='ltr'><strong>solidorum</strong></span> <span class='ocrx_word' id='word_1_185' title='bbox 1006 2887 1064 2942; x_wconf 90' lang='lat' dir='ltr'><strong>XX.</strong></span> <span class='ocrx_word' id='word_1_186' title='bbox 1083 2888 1257 2960; x_wconf 75' lang='lat' dir='ltr'><strong>papiensium.</strong></span> <span class='ocrx_word' id='word_1_187' title='bbox 1314 2919 1324 2928; x_wconf 88' lang='lat'><em>-</em></span> 
     </span>
    </p>
   </div>
   <div class='ocr_carea' id='block_1_9' title="bbox 283 3045 1453 3558">
    <p class='ocr_par' dir='ltr' id='par_1_13' title="bbox 283 3045 1453 3558">
     <span class='ocr_line' id='line_1_23' title="bbox 323 3045 1453 3119; baseline 0 -17"><span class='ocrx_word' id='word_1_188' title='bbox 323 3049 380 3116; x_wconf 74' lang='lat'>183·</span> <span class='ocrx_word' id='word_1_189' title='bbox 399 3047 467 3102; x_wconf 90' lang='lat' dir='ltr'><strong>ltem</strong></span> <span class='ocrx_word' id='word_1_190' title='bbox 486 3047 558 3119; x_wconf 91' lang='lat' dir='ltr'><strong>quod</strong></span> <span class='ocrx_word' id='word_1_191' title='bbox 577 3047 668 3100; x_wconf 83' lang='lat' dir='ltr'><strong>omnin</strong></span> <span class='ocrx_word' id='word_1_192' title='bbox 687 3048 757 3100; x_wconf 80' lang='lat' dir='ltr'><strong>bone</strong></span> <span class='ocrx_word' id='word_1_193' title='bbox 786 3045 895 3100; x_wconf 90' lang='lat' dir='ltr'><strong>mobilia</strong></span> <span class='ocrx_word' id='word_1_194' title='bbox 923 3045 1072 3110; x_wconf 87' lang='lat' dir='ltr'><strong>inmobilia,</strong></span> <span class='ocrx_word' id='word_1_195' title='bbox 1099 3046 1165 3110; x_wconf 85' lang='lat' dir='ltr'><strong>iura,</strong></span> <span class='ocrx_word' id='word_1_196' title='bbox 1197 3047 1322 3112; x_wconf 76' lang='lat' dir='ltr'><strong>actiones,</strong></span> <span class='ocrx_word' id='word_1_197' title='bbox 1342 3047 1453 3102; x_wconf 78' lang='lat' dir='ltr'><strong>nomint</strong></span> 
     </span>
     <span class='ocr_line' id='line_1_24' title="bbox 284 3131 1452 3207; baseline -0.003 -16"><span class='ocrx_word' id='word_1_198' title='bbox 284 3137 444 3200; x_wconf 87' lang='lat' dir='ltr'><strong>debitorum,</strong></span> <span class='ocrx_word' id='word_1_199' title='bbox 462 3135 591 3206; x_wconf 80' lang='lat' dir='ltr'><strong>presentia</strong></span> <span class='ocrx_word' id='word_1_200' title='bbox 610 3147 635 3188; x_wconf 87' lang='lat' dir='ltr'><strong>et</strong></span> <span class='ocrx_word' id='word_1_201' title='bbox 655 3131 740 3188; x_wconf 81' lang='lat' dir='ltr'><strong>sutura</strong></span> <span class='ocrx_word' id='word_1_202' title='bbox 760 3135 921 3204; x_wconf 87' lang='lat' dir='ltr'><strong>ubicumque</strong></span> <span class='ocrx_word' id='word_1_203' title='bbox 939 3145 1026 3188; x_wconf 87' lang='lat' dir='ltr'><strong>essent</strong></span> <span class='ocrx_word' id='word_1_204' title='bbox 1044 3134 1187 3204; x_wconf 74' lang='lat' dir='ltr'><strong>spectantia</strong></span> <span class='ocrx_word' id='word_1_205' title='bbox 1206 3136 1408 3207; x_wconf 91' lang='lat' dir='ltr'><strong>quomodolibet</strong></span> <span class='ocrx_word' id='word_1_206' title='bbox 1420 3137 1452 3188; x_wconf 83' lang='lat' dir='ltr'><strong>nd</strong></span> 
     </span>
     <span class='ocr_line' id='line_1_25' title="bbox 285 3221 1450 3294; baseline 0 -18"><span class='ocrx_word' id='word_1_207' title='bbox 285 3225 410 3278; x_wconf 86' lang='lat' dir='ltr'><strong>homines</strong></span> <span class='ocrx_word' id='word_1_208' title='bbox 429 3221 534 3294; x_wconf 83' lang='lat' dir='ltr'><strong>bugelle</strong></span> <span class='ocrx_word' id='word_1_209' title='bbox 552 3233 578 3276; x_wconf 89' lang='lat' dir='ltr'><strong>et</strong></span> <span class='ocrx_word' id='word_1_210' title='bbox 597 3221 745 3276; x_wconf 82' lang='lat' dir='ltr'><strong>habitantes</strong></span> <span class='ocrx_word' id='word_1_211' title='bbox 763 3222 863 3276; x_wconf 87' lang='lat' dir='ltr'><strong>ibidem</strong></span> <span class='ocrx_word' id='word_1_212' title='bbox 877 3238 949 3276; x_wconf 91' lang='lat' dir='ltr'><strong>nunc</strong></span> <span class='ocrx_word' id='word_1_213' title='bbox 962 3221 1005 3276; x_wconf 90' lang='lat' dir='ltr'><strong>uel</strong></span> <span class='ocrx_word' id='word_1_214' title='bbox 1019 3221 1047 3275; x_wconf 90' lang='lat' dir='ltr'><strong>in</strong></span> <span class='ocrx_word' id='word_1_215' title='bbox 1060 3221 1178 3276; x_wconf 80' lang='lat' dir='ltr'><strong>summm</strong></span> <span class='ocrx_word' id='word_1_216' title='bbox 1192 3223 1244 3276; x_wconf 90' lang='lat' dir='ltr'><strong>sint</strong></span> <span class='ocrx_word' id='word_1_217' title='bbox 1257 3223 1328 3276; x_wconf 84' lang='lat' dir='ltr'><strong>dicto</strong></span> <span class='ocrx_word' id='word_1_218' title='bbox 1341 3224 1450 3278; x_wconf 88' lang='lat' dir='ltr'><strong>comuni</strong></span> 
     </span>
     <span class='ocr_line' id='line_1_26' title="bbox 283 3309 1453 3382; baseline 0 -18"><span class='ocrx_word' id='word_1_219' title='bbox 283 3312 401 3364; x_wconf 78' lang='lat' dir='ltr'><strong>obnoxiu</strong></span> <span class='ocrx_word' id='word_1_220' title='bbox 420 3323 447 3364; x_wconf 90' lang='lat' dir='ltr'><strong>et</strong></span> <span class='ocrx_word' id='word_1_221' title='bbox 464 3311 580 3382; x_wconf 74' lang='lat' dir='ltr'><strong>obligate</strong></span> <span class='ocrx_word' id='word_1_222' title='bbox 599 3327 629 3365; x_wconf 82' lang='lat' dir='ltr'><strong>nc</strong></span> <span class='ocrx_word' id='word_1_223' title='bbox 647 3312 668 3364; x_wconf 92' lang='lat' dir='ltr'><strong>si</strong></span> <span class='ocrx_word' id='word_1_224' title='bbox 689 3310 799 3382; x_wconf 88' lang='lat' dir='ltr'><strong>quilibet</strong></span> <span class='ocrx_word' id='word_1_225' title='bbox 818 3327 909 3380; x_wconf 89' lang='lat' dir='ltr'><strong>perse</strong></span> <span class='ocrx_word' id='word_1_226' title='bbox 928 3327 958 3364; x_wconf 76' lang='lat' dir='ltr'><strong>et</strong></span> <span class='ocrx_word' id='word_1_227' title='bbox 977 3309 1107 3380; x_wconf 81' lang='lat' dir='ltr'><strong>obligaret</strong></span> <span class='ocrx_word' id='word_1_228' title='bbox 1126 3309 1272 3380; x_wconf 86' lang='lat' dir='ltr'><strong>specialiter</strong></span> <span class='ocrx_word' id='word_1_229' title='bbox 1290 3323 1316 3364; x_wconf 90' lang='lat' dir='ltr'><strong>et</strong></span> <span class='ocrx_word' id='word_1_230' title='bbox 1334 3325 1453 3381; x_wconf 74' lang='lat' dir='ltr'><strong>expresse</strong></span> 
     </span>
     <span class='ocr_line' id='line_1_27' title="bbox 284 3397 1453 3469; baseline -0.001 -15"><span class='ocrx_word' id='word_1_231' title='bbox 284 3413 310 3454; x_wconf 89' lang='lat' dir='ltr'><strong>et</strong></span> <span class='ocrx_word' id='word_1_232' title='bbox 329 3401 355 3452; x_wconf 89' lang='lat' dir='ltr'><strong>in</strong></span> <span class='ocrx_word' id='word_1_233' title='bbox 375 3401 413 3453; x_wconf 89' lang='lat' dir='ltr'><strong>eis</strong></span> <span class='ocrx_word' id='word_1_234' title='bbox 430 3399 531 3454; x_wconf 89' lang='lat' dir='ltr'><strong>dictum</strong></span> <span class='ocrx_word' id='word_1_235' title='bbox 551 3399 677 3454; x_wconf 89' lang='lat' dir='ltr'><strong>Comune</strong></span> <span class='ocrx_word' id='word_1_236' title='bbox 694 3399 752 3452; x_wconf 77' lang='lat' dir='ltr'><strong>aliis</strong></span> <span class='ocrx_word' id='word_1_237' title='bbox 770 3397 913 3469; x_wconf 81' lang='lat' dir='ltr'><strong>preferatur</strong></span> <span class='ocrx_word' id='word_1_238' title='bbox 931 3415 978 3469; x_wconf 91' lang='lat' dir='ltr'><strong>pro</strong></span> <span class='ocrx_word' id='word_1_239' title='bbox 991 3399 1169 3453; x_wconf 87' lang='lat' dir='ltr'><strong>substinendis</strong></span> <span class='ocrx_word' id='word_1_240' title='bbox 1182 3398 1326 3454; x_wconf 86' lang='lat' dir='ltr'><strong>honeribus</strong></span> <span class='ocrx_word' id='word_1_241' title='bbox 1337 3411 1362 3452; x_wconf 89' lang='lat' dir='ltr'><strong>et</strong></span> <span class='ocrx_word' id='word_1_242' title='bbox 1373 3399 1453 3453; x_wconf 81' lang='lat' dir='ltr'><strong>frodis</strong></span> 
     </span>
     <span class='ocr_line' id='line_1_28' title="bbox 284 3486 1420 3558; baseline 0.002 -18"><span class='ocrx_word' id='word_1_243' title='bbox 284 3489 378 3540; x_wconf 77' lang='lat' dir='ltr'><strong>bannis</strong></span> <span class='ocrx_word' id='word_1_244' title='bbox 395 3499 422 3542; x_wconf 87' lang='lat' dir='ltr'><strong>et</strong></span> <span class='ocrx_word' id='word_1_245' title='bbox 438 3487 497 3542; x_wconf 87' lang='lat' dir='ltr'><strong>aliis</strong></span> <span class='ocrx_word' id='word_1_246' title='bbox 515 3487 610 3542; x_wconf 87' lang='lat' dir='ltr'><strong>debitis</strong></span> <span class='ocrx_word' id='word_1_247' title='bbox 631 3487 694 3540; x_wconf 91' lang='lat' dir='ltr'><strong>dicti</strong></span> <span class='ocrx_word' id='word_1_248' title='bbox 713 3487 836 3542; x_wconf 87' lang='lat' dir='ltr'><strong>comunis</strong></span> <span class='ocrx_word' id='word_1_249' title='bbox 856 3487 958 3558; x_wconf 84' lang='lat' dir='ltr'><strong>integre</strong></span> <span class='ocrx_word' id='word_1_250' title='bbox 976 3486 1165 3558; x_wconf 83' lang='lat' dir='ltr'><strong>persoluendis.</strong></span> <span class='ocrx_word' id='word_1_251' title='bbox 1416 3493 1420 3502; x_wconf 90' lang='lat'>&#39;</span> 
     </span>
    </p>
   </div>
   <div class='ocr_carea' id='block_1_10' title="bbox 285 3645 1453 3790">
    <p class='ocr_par' dir='ltr' id='par_1_14' title="bbox 285 3645 1453 3790">
     <span class='ocr_line' id='line_1_29' title="bbox 324 3645 1453 3718; baseline 0.004 -20"><span class='ocrx_word' id='word_1_252' title='bbox 324 3647 380 3712; x_wconf 70' lang='lat'><strong>184.</strong></span> <span class='ocrx_word' id='word_1_253' title='bbox 403 3646 470 3700; x_wconf 90' lang='lat' dir='ltr'><strong>item</strong></span> <span class='ocrx_word' id='word_1_254' title='bbox 489 3647 561 3718; x_wconf 91' lang='lat' dir='ltr'><strong>quod</strong></span> <span class='ocrx_word' id='word_1_255' title='bbox 580 3645 669 3700; x_wconf 89' lang='lat' dir='ltr'><strong>nullus</strong></span> <span class='ocrx_word' id='word_1_256' title='bbox 688 3645 794 3717; x_wconf 69' lang='lat' dir='ltr'><strong>reeipiat</strong></span> <span class='ocrx_word' id='word_1_257' title='bbox 812 3647 909 3717; x_wconf 79' lang='lat' dir='ltr'><strong>pignus</strong></span> <span class='ocrx_word' id='word_1_258' title='bbox 927 3647 1044 3700; x_wconf 77' lang='lat' dir='ltr'><strong>alienum</strong></span> <span class='ocrx_word' id='word_1_259' title='bbox 1058 3646 1108 3700; x_wconf 90' lang='lat' dir='ltr'><strong>nisi</strong></span> <span class='ocrx_word' id='word_1_260' title='bbox 1121 3647 1233 3701; x_wconf 84' lang='lat' dir='ltr'><strong>scienter</strong></span> <span class='ocrx_word' id='word_1_261' title='bbox 1244 3649 1277 3702; x_wconf 88' lang='lat' dir='ltr'><strong>de</strong></span> <span class='ocrx_word' id='word_1_262' title='bbox 1289 3647 1453 3702; x_wconf 81' lang='lat' dir='ltr'><strong>consciencia</strong></span> 
     </span>
     <span class='ocr_line' id='line_1_30' title="bbox 285 3734 932 3790; baseline 0.006 -4"><span class='ocrx_word' id='word_1_263' title='bbox 285 3734 354 3786; x_wconf 87' lang='lat' dir='ltr'><strong>illius</strong></span> <span class='ocrx_word' id='word_1_264' title='bbox 377 3734 452 3788; x_wconf 88' lang='lat' dir='ltr'><strong>cuius</strong></span> <span class='ocrx_word' id='word_1_265' title='bbox 471 3745 537 3788; x_wconf 82' lang='lat' dir='ltr'><strong>esset</strong></span> <span class='ocrx_word' id='word_1_266' title='bbox 556 3734 604 3788; x_wconf 91' lang='lat' dir='ltr'><strong>sub</strong></span> <span class='ocrx_word' id='word_1_267' title='bbox 627 3735 715 3788; x_wconf 82' lang='lat' dir='ltr'><strong>banno</strong></span> <span class='ocrx_word' id='word_1_268' title='bbox 734 3735 881 3789; x_wconf 90' lang='lat' dir='ltr'><strong>solidorum</strong></span> <span class='ocrx_word' id='word_1_269' title='bbox 900 3735 932 3790; x_wconf 92' lang='lat' dir='ltr'><strong>X.</strong></span> 
     </span>
    </p>
   </div>
   <div class='ocr_carea' id='block_1_11' title="bbox 285 3892 1452 4054">
    <p class='ocr_par' dir='ltr' id='par_1_15' title="bbox 285 3892 1452 4054">
     <span class='ocr_line' id='line_1_31' title="bbox 323 3892 1452 3966; baseline -0.012 -5"><span class='ocrx_word' id='word_1_270' title='bbox 323 3893 380 3960; x_wconf 80' lang='lat'>¹85·</span> <span class='ocrx_word' id='word_1_271' title='bbox 400 3893 466 3946; x_wconf 63' lang='lat' dir='ltr'><strong>loeffl</strong></span> <span class='ocrx_word' id='word_1_272' title='bbox 485 3892 558 3964; x_wconf 75' lang='lat' dir='ltr'><strong>quod</strong></span> <span class='ocrx_word' id='word_1_273' title='bbox 575 3893 620 3964; x_wconf 82' lang='lat' dir='ltr'><strong>qui</strong></span> <span class='ocrx_word' id='word_1_274' title='bbox 640 3895 765 3964; x_wconf 79' lang='lat' dir='ltr'><strong>receperit</strong></span> <span class='ocrx_word' id='word_1_275' title='bbox 784 3895 880 3966; x_wconf 83' lang='lat' dir='ltr'><strong>pignus</strong></span> <span class='ocrx_word' id='word_1_276' title='bbox 898 3912 913 3948; x_wconf 80' lang='lat' dir='ltr'>a</span> <span class='ocrx_word' id='word_1_277' title='bbox 932 3894 988 3950; x_wconf 89' lang='lat' dir='ltr'><strong>filio</strong></span> <span class='ocrx_word' id='word_1_278' title='bbox 1007 3894 1128 3961; x_wconf 71' lang='lat' dir='ltr'><strong>familiis,</strong></span> <span class='ocrx_word' id='word_1_279' title='bbox 1148 3895 1260 3960; x_wconf 82' lang='lat' dir='ltr'><strong>minore,</strong></span> <span class='ocrx_word' id='word_1_280' title='bbox 1289 3893 1391 3949; x_wconf 77' lang='lat' dir='ltr'><strong>[amulo</strong></span> <span class='ocrx_word' id='word_1_281' title='bbox 1410 3893 1452 3949; x_wconf 88' lang='lat' dir='ltr'><strong>uel</strong></span> 
     </span>
     <span class='ocr_line' id='line_1_32' title="bbox 285 3980 1305 4054; baseline 0.001 -19"><span class='ocrx_word' id='word_1_282' title='bbox 285 3980 425 4054; x_wconf 81' lang='lat' dir='ltr'><strong>pedisequa</strong></span> <span class='ocrx_word' id='word_1_283' title='bbox 442 3980 500 4034; x_wconf 89' lang='lat' dir='ltr'><strong>sine</strong></span> <span class='ocrx_word' id='word_1_284' title='bbox 518 3980 627 4034; x_wconf 74' lang='lat' dir='ltr'><strong>licencia</strong></span> <span class='ocrx_word' id='word_1_285' title='bbox 646 3983 724 4054; x_wconf 83' lang='lat' dir='ltr'><strong>patris</strong></span> <span class='ocrx_word' id='word_1_286' title='bbox 742 3983 845 4048; x_wconf 86' lang='lat' dir='ltr'><strong>tutoris,</strong></span> <span class='ocrx_word' id='word_1_287' title='bbox 864 3981 907 4037; x_wconf 90' lang='lat' dir='ltr'><strong>uel</strong></span> <span class='ocrx_word' id='word_1_288' title='bbox 926 3983 1030 4037; x_wconf 89' lang='lat' dir='ltr'><strong>domini</strong></span> <span class='ocrx_word' id='word_1_289' title='bbox 1049 3983 1135 4038; x_wconf 79' lang='lat' dir='ltr'><strong>soluat</strong></span> <span class='ocrx_word' id='word_1_290' title='bbox 1154 3982 1254 4038; x_wconf 90' lang='lat' dir='ltr'><strong>solidos</strong></span> <span class='ocrx_word' id='word_1_291' title='bbox 1272 3982 1305 4037; x_wconf 94' lang='lat' dir='ltr'><strong>X.</strong></span> 
     </span>
    </p>
   </div>
   <div class='ocr_carea' id='block_1_12' title="bbox 284 4119 1451 4283">
    <p class='ocr_par' dir='ltr' id='par_1_16' title="bbox 284 4119 1451 4283">
     <span class='ocr_line' id='line_1_33' title="bbox 323 4119 1451 4194; baseline 0.002 -20"><span class='ocrx_word' id='word_1_292' title='bbox 323 4119 379 4175; x_wconf 75' lang='lat'><strong>1⁸6.</strong></span> <span class='ocrx_word' id='word_1_293' title='bbox 398 4119 466 4175; x_wconf 87' lang='lat' dir='ltr'><strong>ltem</strong></span> <span class='ocrx_word' id='word_1_294' title='bbox 484 4120 556 4194; x_wconf 87' lang='lat' dir='ltr'><strong>quod</strong></span> <span class='ocrx_word' id='word_1_295' title='bbox 574 4121 688 4176; x_wconf 86' lang='lat' dir='ltr'><strong>creditor</strong></span> <span class='ocrx_word' id='word_1_296' title='bbox 706 4139 739 4176; x_wconf 83' lang='lat' dir='ltr'><strong>ex</strong></span> <span class='ocrx_word' id='word_1_297' title='bbox 758 4135 833 4193; x_wconf 86' lang='lat' dir='ltr'><strong>pacto</strong></span> <span class='ocrx_word' id='word_1_298' title='bbox 852 4135 878 4177; x_wconf 88' lang='lat' dir='ltr'><strong>et</strong></span> <span class='ocrx_word' id='word_1_299' title='bbox 896 4125 977 4178; x_wconf 83' lang='lat' dir='ltr'><strong>etism</strong></span> <span class='ocrx_word' id='word_1_300' title='bbox 996 4125 1052 4178; x_wconf 87' lang='lat' dir='ltr'><strong>sine</strong></span> <span class='ocrx_word' id='word_1_301' title='bbox 1073 4137 1149 4194; x_wconf 91' lang='lat' dir='ltr'><strong>pacto</strong></span> <span class='ocrx_word' id='word_1_302' title='bbox 1162 4137 1221 4194; x_wconf 88' lang='lat' dir='ltr'><strong>post</strong></span> <span class='ocrx_word' id='word_1_303' title='bbox 1234 4141 1366 4178; x_wconf 86' lang='lat' dir='ltr'><strong>menssem</strong></span> <span class='ocrx_word' id='word_1_304' title='bbox 1379 4141 1394 4176; x_wconf 81' lang='lat' dir='ltr'>a</span> <span class='ocrx_word' id='word_1_305' title='bbox 1408 4125 1451 4177; x_wconf 89' lang='lat' dir='ltr'><strong>die</strong></span> 
     </span>
     <span class='ocr_line' id='line_1_34' title="bbox 284 4207 1448 4283; baseline 0.001 -21"><span class='ocrx_word' id='word_1_306' title='bbox 284 4209 414 4263; x_wconf 88' lang='lat' dir='ltr'><strong>denuncie</strong></span> <span class='ocrx_word' id='word_1_307' title='bbox 432 4207 499 4264; x_wconf 76' lang='lat' dir='ltr'><strong>lacte</strong></span> <span class='ocrx_word' id='word_1_308' title='bbox 517 4209 629 4264; x_wconf 88' lang='lat' dir='ltr'><strong>debitori</strong></span> <span class='ocrx_word' id='word_1_309' title='bbox 648 4220 677 4264; x_wconf 92' lang='lat' dir='ltr'><strong>ut</strong></span> <span class='ocrx_word' id='word_1_310' title='bbox 696 4210 835 4264; x_wconf 89' lang='lat' dir='ltr'><strong>redimeret</strong></span> <span class='ocrx_word' id='word_1_311' title='bbox 854 4211 950 4283; x_wconf 83' lang='lat' dir='ltr'><strong>pignus</strong></span> <span class='ocrx_word' id='word_1_312' title='bbox 968 4229 1047 4266; x_wconf 90' lang='lat' dir='ltr'><strong>suum</strong></span> <span class='ocrx_word' id='word_1_313' title='bbox 1066 4211 1131 4265; x_wconf 91' lang='lat' dir='ltr'><strong>illud</strong></span> <span class='ocrx_word' id='word_1_314' title='bbox 1145 4212 1215 4266; x_wconf 89' lang='lat' dir='ltr'><strong>licite</strong></span> <span class='ocrx_word' id='word_1_315' title='bbox 1232 4211 1346 4266; x_wconf 86' lang='lat' dir='ltr'><strong>uendere</strong></span> <span class='ocrx_word' id='word_1_316' title='bbox 1359 4213 1448 4282; x_wconf 85' lang='lat' dir='ltr'><strong>possit.</strong></span> 
     </span>
    </p>
   </div>
   <div class='ocr_carea' id='block_1_13' title="bbox 313 4381 883 4440">
    <p class='ocr_par' dir='ltr' id='par_1_17' title="bbox 313 4381 883 4440">
     <span class='ocr_line' id='line_1_35' title="bbox 313 4381 883 4440; baseline 0 -16"><span class='ocrx_word' id='word_1_317' title='bbox 313 4381 346 4436; x_wconf 81' lang='grc' dir='ltr'><strong>(ι)</strong></span> <span class='ocrx_word' id='word_1_318' title='bbox 360 4381 422 4424; x_wconf 73' lang='lat' dir='ltr'><strong>llum.</strong></span> <span class='ocrx_word' id='word_1_319' title='bbox 437 4383 485 4426; x_wconf 80' lang='lat' dir='ltr'><strong>XX.</strong></span> <span class='ocrx_word' id='word_1_320' title='bbox 501 4383 548 4426; x_wconf 85' lang='lat' dir='ltr'><strong>toee</strong></span> <span class='ocrx_word' id='word_1_321' title='bbox 563 4381 600 4426; x_wconf 77' lang='lat' dir='ltr'><strong>Lx</strong></span> <span class='ocrx_word' id='word_1_322' title='bbox 609 4385 728 4440; x_wconf 69' lang='lat' dir='ltr'><strong>papi-sien</strong></span> <span class='ocrx_word' id='word_1_323' title='bbox 742 4385 830 4440; x_wconf 80' lang='lat' dir='ltr'><strong>scriptus</strong></span> <span class='ocrx_word' id='word_1_324' title='bbox 844 4393 883 4425; x_wconf 85' lang='lat' dir='ltr'><strong>est.</strong></span> 
     </span>
    </p>
   </div>
   <div class='ocr_carea' id='block_1_14' title="bbox 0 0 1988 5540">
    <p class='ocr_par' dir='ltr' id='par_1_18' title="bbox 0 0 1988 5540">
     <span class='ocr_line' id='line_1_36' title="bbox 0 0 1988 5540; baseline 0 0"><span class='ocrx_word' id='word_1_325' title='bbox 0 0 1988 5540; x_wconf 95' lang='lat' dir='ltr'><strong> </strong></span> 
     </span>
    </p>
   </div>
  </div>
 </body>
</html>
