3918 5554
508 450 559 504 268

542 585 584 639 25.
603 569 670 624 Item
689 571 760 640 quod
779 569 967 640 quodcumque
984 567 1137 622 ordinatum
1150 565 1228 620 luerit
1254 581 1301 637 per
1318 564 1420 619 dictum
1438 561 1583 634 collegium
1597 563 1671 634 quod

506 658 631 712 recitetur
646 657 734 729 aliquo
752 657 793 711 vio
812 673 859 728 per
875 673 970 712 omnes
987 657 1022 710 de
1039 655 1110 710 dicto
1128 653 1243 726 collegio
1261 665 1287 707 et
1305 652 1416 724 quilibet
1433 667 1528 705 eorum
1546 651 1588 705 coi
1607 668 1669 722 pre-

506 757 612 816 ceptum
630 743 708 800 fuerit
725 745 818 799 debent
835 745 944 799 obedire
961 743 1093 798 mandatis
1113 743 1290 813 predictomm
1308 739 1449 795 consulum
1467 737 1550 810 ipsius
1563 739 1669 808 collegii

506 834 554 887 sub
573 835 661 888 banno
680 850 727 904 pro
745 833 864 904 quolibet
882 833 1031 886 solidorum
1049 831 1108 885 XX.

543 1011 584 1066 26.
602 1013 671 1067 Item
688 1023 816 1067 statutum
834 1023 861 1066 et
878 1011 1030 1066 ordinatum
1049 1012 1178 1082 estquod
1196 1011 1241 1066 ille
1259 1011 1302 1064 uel
1314 1011 1353 1064 illi
1366 1011 1412 1082 qui
1436 1010 1532 1066 luerint
1550 1009 1673 1066 consrrles

508 1100 570 1153 dicti
589 1100 694 1172 collegij
714 1117 771 1154 non
789 1099 889 1172 possint
907 1097 981 1170 elligi
1008 1099 1037 1152 in
1067 1099 1205 1154 consulem
1235 1099 1317 1170 ipsius
1342 1099 1447 1170 collegii
1468 1115 1551 1170 usque
1568 1099 1602 1152 ad
1619 1110 1673 1152 tres

508 1205 593 1242 annos
611 1189 765 1259 completos

544 1361 588 1416 27·
605 1347 674 1400 Item
692 1345 764 1418 quod
783 1348 908 1418 cumpnrij
927 1347 1065 1418 campanie
1091 1359 1119 1402 et
1147 1347 1327 1418 plantatorum
1358 1359 1498 1402 munim
1515 1359 1542 1402 et
1559 1347 1672 1401 debetnt

508 1434 616 1488 obedire
633 1435 765 1488 mundetis
782 1435 915 1489 dictum
933 1435 1075 1490 mosulum
1092 1435 1122 1489 in
1140 1435 1338 1507 precipiendum
1356 1435 1472 1507 collegio
1495 1447 1522 1490 et
1540 1434 1601 1506 nlijs
1619 1451 1674 1504 pre·

508 1521 590 1592 ceptis
608 1522 798 1592 pertinentibus
816 1523 849 1576 ud
867 1523 969 1577 dictum
987 1523 1131 1594 collegium
1149 1535 1176 1578 et
1205 1526 1297 1594 juutre
1324 1523 1358 1578 nd
1384 1523 1547 1595 exigentium
1565 1521 1673 1577 bladum

508 1609 621 1662 ctritatls
639 1621 665 1662 et
683 1609 815 1664 custodire
833 1627 922 1664 cereos
939 1623 966 1664 et
984 1611 1035 1665 alie
1052 1610 1137 1665 iacere
1155 1613 1346 1666 recussauerint
1363 1611 1435 1683 quod
1466 1611 1539 1666 nullu
1557 1626 1669 1682 persone

508 1697 542 1750 de
559 1696 631 1750 dicto
648 1697 764 1768 collegio
781 1698 875 1752 debent
891 1699 930 1752 eis
947 1699 1551 1771 ‹hrediqunmotmpnrinmempoctnsloci
1563 1697 1670 1770 bugelle

508 1797 535 1838 et
544 1785 589 1855 qui
602 1784 783 1840 contrafecerit
794 1785 881 1841 solunt
893 1788 1012 1842 bannum
1024 1803 1072 1858 pm
1084 1786 1205 1859 quolibet
1215 1799 1243 1842 et
1253 1787 1371 1860 quelibet
1381 1788 1440 1843 vice
1450 1785 1599 1843 solidorum
1610 1785 1670 1840 XX.

545 1944 586 1998 28.
605 1944 673 1999 Item
691 1946 763 2016 quod
781 1945 810 2000 in
828 1947 918 2017 vigilia
945 1946 1109 2000 inuentionis
1135 1947 1218 2000 sancti
1244 1946 1365 2018 stephani
1390 1947 1424 2001 de
1448 1963 1541 2000 mense
1567 1946 1673 2016 augusti

509 2032 630 2086 consules
647 2046 788 2088 tenuntur
806 2036 890 2088 lacere
907 2033 962 2105 lieri
982 2051 1068 2088 unum
1085 2035 1296 2089 anniuersarium
1314 2051 1362 2105 pro
1388 2035 1529 2088 animabus
1545 2035 1669 2088 omnium

510 2121 696 2174 matuariorum
714 2121 900 2176 defunctorum
918 2122 951 2176 acl
969 2123 1042 2193 quod
1060 2122 1270 2176 anniuerssrium
1289 2121 1385 2176 iaciant
1412 2137 1561 2176 couuoccre
1577 2135 1673 2175 omnes

509 2208 648 2264 massarius
665 2222 693 2263 et
709 2211 773 2264 dicti
791 2211 908 2281 nussnrlj
927 2221 1067 2264 tenemur
1084 2222 1111 2264 et
1122 2210 1235 2264 debeant
1247 2211 1407 2264 interuenire
1416 2211 1479 2264 dicti
1491 2210 1673 2264 mnioesarlo

510 2298 538 2350 in
559 2299 648 2351 benno
666 2297 813 2352 solidorum
831 2298 865 2352 X
883 2313 932 2368 pro
949 2297 1076 2369 quolibet

545 2471 587 2528 ²9·
606 2456 673 2510 Item
691 2457 763 2526 quod
781 2455 904 2510 consules
921 2468 1061 2510 emantur
1078 2457 1184 2528 exigere
1198 2457 1291 2511 omnin
1309 2457 1467 2528 pernneno'n
1478 2457 1560 2528 ipsius
1568 2455 1673 2526 collegii

511 2557 537 2598 er
555 2545 590 2598 de
606 2545 669 2615 ipsis
689 2543 773 2598 lacere
791 2544 922 2598 cntionem
939 2545 1012 2600 dicto
1029 2545 1144 2616 collegio
1161 2557 1189 2600 et
1206 2545 1235 2598 in
1252 2562 1314 2600 casu
1332 2561 1387 2616 quo
1405 2547 1468 2600 dicti
1489 2545 1607 2615 rnnsterij
1626 2556 1672 2598 aut

510 2632 604 2703 aliquis
622 2632 740 2702 ipsorum
758 2633 930 2704 denegnuerit
958 2633 1045 2687 soluat
1072 2635 1191 2688 bennum
1220 2633 1355 2688 incursum
1386 2649 1433 2704 pet
1449 2651 1514 2688 cum
1531 2633 1604 2703 quod
1621 2631 1671 2702 ipsi

509 2721 631 2775 consules
648 2721 761 2774 debeant
778 2719 823 2774 illo
842 2722 929 2774 bonna
948 2733 1051 2792 portare
1068 2721 1096 2774 in
1115 2721 1215 2794 judicio
1233 2723 1354 2793 expensis
1372 2722 1434 2775 dicti
1453 2721 1569 2792 collegii.

547 2893 587 2948 30.
605 2879 674 2932 item
692 2878 765 2950 quod
782 2877 846 2932 dicti
864 2878 986 2933 consuler
1004 2877 1119 2934 hebetur
1145 2895 1194 2950 pro
1220 2895 1314 2933 eorum
1342 2878 1433 2934 officio
1451 2879 1486 2932 de
1501 2877 1598 2932 salomo
1615 2875 1673 2932 XV.

510 2983 558 3038 pro
575 2967 694 3038 quolibet
711 2980 739 3022 et
755 2967 874 3022 nummus
892 2967 939 3038 qui
957 2967 1053 3021 scribet
1070 2983 1164 3022 eorum
1182 2967 1291 3039 negotiu
1309 2967 1409 3022 solidos
1426 2967 1486 3022 XV.

548 3142 588 3195 31·
607 3127 675 3182 Item
693 3139 820 3182 statutum
839 3139 865 3180 et
883 3125 1036 3180 ordinatum
1054 3139 1093 3181 est
1111 3127 1183 3197 quod
1202 3127 1319 3198 quelibet
1337 3143 1448 3197 persona
1466 3126 1500 3180 de
1523 3126 1596 3180 dicto
1613 3124 1671 3179 col·

510 3215 583 3286 legio
601 3227 627 3268 et
645 3231 738 3268 eorum
757 3213 857 3268 familie
874 3226 1015 3268 tenuntur
1031 3225 1058 3268 et
1084 3215 1198 3268 debetnt
1223 3215 1375 3285 juramento
1403 3215 1543 3268 obsenrnre
1561 3213 1675 3286 predicta

511 3313 616 3356 statum.

549 3475 589 3528 3²·
608 3459 675 3512 Item
693 3461 765 3530 quod
784 3459 846 3513 dicti
856 3460 979 3513 consules
994 3460 1143 3531 expeudant
1155 3462 1263 3532 quondo
1287 3460 1419 3515 voluerint
1443 3462 1476 3514 nd
1495 3461 1674 3532 recipiendum

511 3548 691 3617 juramentum
709 3564 724 3600 a
742 3548 818 3601 dictis
837 3548 968 3617 massariis
986 3561 1013 3601 et
1025 3565 1118 3602 eorum
1132 3548 1238 3618 familijs
1251 3549 1351 3602 solidos
1360 3547 1416 3602 XX.
1430 3551 1551 3619 expensis
1560 3549 1675 3620 collegii.

550 3721 590 3774 33.
609 3705 677 3761 Item
694 3717 823 3760 statutum
842 3706 970 3776 estquod
990 3707 1112 3760 consules
1129 3706 1193 3759 dicti
1220 3706 1326 3776 collegij
1355 3718 1495 3761 teneretur
1519 3721 1546 3762 et
1563 3709 1676 3762 debeant

512 3793 596 3848 lacere
614 3793 685 3848 refici
704 3811 798 3848 onrnes
816 3807 931 3865 quatuor
948 3811 1037 3849 cereos
1049 3795 1111 3848 dicti
1125 3795 1230 3864 collegii
1245 3795 1342 3848 totiens
1354 3797 1478 3866 quotiens
1498 3797 1675 3851 necessarium

512 3881 589 3935 luerit
603 3883 723 3953 expensis
734 3883 797 3935 dicti
816 3882 931 3953 collegij.
