3926 5542
545 461 592 526 164

540 585 664 637 omnium
682 596 708 636 et
726 585 900 653 singularium
919 602 1089 655 personarum
1108 597 1134 638 et
1152 585 1232 638 edam
1246 585 1416 639 comunintis
1426 585 1537 656 Bugelle
1548 598 1575 640 et
1586 585 1709 638 looorum

540 674 626 725 eidem
646 673 706 724 loco
724 674 912 727 adherencinm
931 687 1061 744 proponat
1078 685 1169 726 sonna
1188 674 1275 744 ipsum
1294 685 1453 743 potestatem
1471 687 1498 727 et
1514 691 1593 744 super
1610 675 1665 744 hijs
1681 687 1709 728 et

540 777 631 814 esrum
641 761 752 830 singulis
762 775 822 831 agat
831 774 857 814 et
866 763 984 832 querelas
994 762 1112 832 ipsorum
1122 775 1236 832 exponat
1249 775 1276 814 et
1287 763 1372 816 εσίιω
1384 779 1437 833 que
1446 761 1611 816 defendenda
1620 763 1708 816 eidetn

539 849 698 902 videbuntur
715 849 848 903 deffendat
865 863 891 902 et
909 867 987 919 super
998 851 1051 919 hijs
1064 849 1170 918 plenam
1183 849 1278 903 habeat
1290 862 1449 921 potestatem
1462 863 1489 903 et
1500 851 1581 904 etism
1595 851 1709 923 eligantr

539 956 607 993 unns
625 939 730 993 auditor
746 955 793 990 seu
811 939 890 1008 judex
909 955 986 1008 snper
1003 939 1066 1009 ipsis
1084 939 1168 993 causis
1186 939 1310 1011 querellis
1327 951 1354 992 et
1372 939 1537 1010 querimonis
1566 941 1613 1011 qui
1641 941 1710 1010 ipsas

540 1028 630 1080 audiat
648 1039 674 1078 et
691 1026 857 1088 determinet,
869 1027 1020 1080 Summarie
1032 1027 1186 1097 simpliciter
1197 1027 1269 1080 etde
1287 1025 1368 1096 plano
1386 1027 1485 1097 absque
1497 1027 1588 1097 jndicij
1598 1027 1708 1097 strepitu

541 1115 582 1168 nel
603 1115 686 1183 figura
704 1127 729 1167 et
748 1115 846 1182 absque
864 1114 999 1166 oblatione
1017 1116 1162 1185 solempnis
1181 1115 1263 1168 libelli
1282 1115 1399 1184 inspecta
1419 1127 1446 1168 et
1464 1115 1629 1169 considerata
1646 1117 1708 1168 sim-

541 1203 602 1272 plici
621 1201 752 1270 ptticione
770 1217 815 1252 sen
834 1200 950 1270 querella
969 1219 1020 1272 qne
1038 1201 1083 1254 fiet
1101 1215 1127 1255 et
1146 1215 1307 1272 proponetur
1326 1219 1416 1255 coram
1429 1202 1488 1272 ipso
1500 1203 1533 1254 de
1545 1202 1618 1256 dicto
1636 1216 1708 1272 pote·

541 1302 607 1343 state
625 1306 671 1342 seu
690 1287 790 1340 familia
808 1305 853 1356 per
870 1288 1002 1340 sindicum
1020 1305 1067 1341 seu
1085 1301 1281 1358 procuratorem
1294 1289 1441 1358 predictum
1454 1289 1566 1343 nomine
1577 1289 1649 1344 illius
1660 1307 1708 1344 sen

542 1377 650 1428 illorum
669 1391 783 1445 quonam
802 1375 920 1427 intererit
937 1391 983 1427 seu
1002 1377 1098 1444 poterit
1115 1377 1249 1440 interesse,
1268 1376 1360 1438 Quam
1373 1377 1534 1446 peticionem
1546 1377 1632 1431 diceas
1649 1395 1708 1448 pro·

542 1477 646 1516 curator
663 1479 710 1515 seu
728 1461 844 1514 sindicus
862 1462 890 1513 in
908 1463 1010 1532 scriptis
1028 1465 1144 1534 predicto
1163 1465 1276 1517 auditori
1294 1480 1341 1516 seu
1356 1463 1443 1533 Judici
1459 1464 1517 1517 sine
1528 1465 1585 1518 eius
1597 1466 1709 1518 Nomio

542 1551 676 1620 porrigere
694 1561 720 1601 et
739 1548 833 1601 offerre
850 1561 978 1602 teneantr.
997 1550 1030 1602 Et
1042 1567 1073 1602 es
1085 1551 1173 1604 oblata
1185 1551 1247 1620 ipsis
1259 1550 1340 1620 judici
1354 1551 1397 1603 uel
1410 1551 1523 1605 auditori
1536 1569 1583 1606 seu
1595 1553 1707 1606 Notario

541 1640 626 1691 dietus
644 1637 749 1690 auditor
766 1637 824 1689 sine
841 1635 922 1706 judex
940 1637 968 1690 in
987 1655 1041 1690 vno
1059 1638 1128 1692 libro
1146 1639 1229 1708 papiri
1247 1655 1298 1690 ma
1317 1655 1379 1691 cnm
1397 1638 1457 1708 alijs
1488 1639 1664 1708 peticionibus
1681 1653 1708 1694 et

542 1724 655 1796 querelis
673 1723 747 1776 factis
765 1735 791 1776 et
809 1723 935 1778 iaciendis
953 1737 1044 1778 contra
1063 1725 1150 1795 ipsum
1163 1737 1320 1796 potestatem
1333 1743 1380 1779 sen
1392 1727 1449 1780 eius
1461 1725 1591 1780 familiam
1609 1743 1708 1798 ponere

543 1826 568 1865 et
587 1812 663 1865 scribi
682 1811 766 1864 iacere
784 1823 912 1876 teneatur,
930 1813 976 1882 qni
1004 1813 1070 1865 liber
1095 1813 1129 1866 sit
1156 1825 1183 1865 et
1209 1830 1266 1866 esse
1285 1813 1379 1866 debeat
1406 1814 1439 1866 de
1457 1815 1548 1868 medio
1566 1815 1708 1886 quintemo

543 1901 624 1970 papirj
644 1913 671 1952 et
689 1917 751 1952 enm
770 1901 890 1969 expensis
909 1899 972 1952 dicti
990 1900 1112 1954 comunis
1126 1899 1264 1954 Clanarius
1276 1913 1303 1953 et
1315 1900 1446 1954 Consules
1458 1901 1582 1955 comunis
1599 1902 1710 1972 Bugelle

543 2005 631 2040 emere
649 1988 761 2041 debeant
779 1987 888 2040 indilate
906 1999 932 2040 et
951 1987 1022 2040 dicto
1040 1988 1152 2056 auditorj
1170 1987 1227 2040 siue
1239 1989 1320 2058 judici
1333 1989 1455 2058 expedire
1469 2005 1517 2058 pro
1528 1989 1592 2059 ipsis
1604 1991 1710 2060 peticio

543 2077 621 2128 nibus
639 2087 665 2128 et
683 2076 795 2145 querelis
814 2075 968 2128 huiusmodi
987 2075 1163 2145 reddigendis,
1176 2077 1272 2145 quibus
1289 2076 1318 2128 in
1332 2077 1427 2129 eodem
1441 2076 1509 2130 libro
1521 2077 1612 2146 positis
1624 2078 1709 2132 dictus

542 2165 647 2219 auditor
664 2180 710 2216 seu
729 2164 809 2231 judex
827 2163 926 2232 precise
944 2175 1064 2215 teneatur
1081 2165 1150 2232 justa
1168 2165 1257 2216 datam
1276 2164 1326 2216 sibi
1344 2181 1360 2216 a
1378 2165 1429 2217 deo
1441 2165 1613 2233 prudenciam
1631 2166 1709 2220 nelsi

543 2252 656 2306 voluerit
674 2263 700 2304 et
718 2251 842 2304 maluerit
859 2249 1012 2320 participato
1031 2251 1216 2304 consiliosum
1230 2251 1319 2322 aliquo
1331 2251 1360 2304 in
1373 2253 1430 2322 jure
1443 2252 1527 2322 perito
1538 2253 1606 2323 ipsas
1618 2269 1708 2306 cattsas

543 2341 695 2412 questiones
713 2355 759 2392 seu
786 2338 915 2408 querellas
943 2338 1070 2391 decidisse
1097 2351 1123 2391 et
1151 2340 1339 2392 determinasse
1358 2358 1404 2409 per
1421 2353 1473 2394 tres
1492 2340 1547 2393 diss
1566 2341 1598 2394 ad
1618 2343 1708 2395 minus

543 2443 605 2483 ante
623 2430 725 2482 exitum
743 2429 832 2497 ipsius·
842 2428 985 2498 potestatis,
1004 2428 1094 2497 Ipsum
1107 2439 1264 2497 potestatem
1277 2441 1355 2498 prout
1367 2445 1408 2481 res
1422 2427 1533 2498 exigerit
1545 2429 1709 2482 absoluendo

543 2531 569 2571 et
582 2517 804 2586 condampnando
816 2517 845 2568 in
858 2517 935 2586 plena
948 2515 1093 2570 Credencia
1105 2516 1228 2569 comunis
1246 2516 1352 2586 bugelle
1370 2528 1435 2569 tunc
1447 2517 1480 2568 ad
1492 2517 1542 2569 bec
1560 2517 1706 2587 specialiter

543 2619 688 2661 convocata
706 2618 733 2658 et
750 2617 910 2674 congregata
928 2605 961 2656 ad
980 2603 1031 2656 hoc
1047 2605 1127 2656 citato
1146 2621 1177 2658 ex
1197 2617 1269 2674 pane
1287 2617 1314 2656 et
1341 2605 1468 2658 mandato
1501 2604 1564 2658 dicti
1582 2605 1710 2660 auditoris

543 2711 589 2748 seu
608 2693 702 2763 judicis
721 2693 778 2764 ipso
796 2704 859 2744 tunc
878 2692 1004 2760 temporis
1022 2703 1150 2760 potestate
1167 2703 1195 2743 vt
1213 2691 1241 2743 in
1261 2691 1354 2744 eadem
1372 2691 1508 2744 credentia
1527 2691 1620 2744 debeat
1636 2693 1708 2745 inte-

543 2799 613 2835 resse
630 2780 772 2832 sententias
791 2779 945 2832 huiusmodi
965 2780 1109 2842 auditurus,
1128 2779 1220 2841 Quam
1240 2779 1371 2849 siquidem
1385 2779 1559 2832 Credenciam
1572 2779 1710 2834 Clanarius

544 2883 570 2922 et
589 2868 719 2922 Consules
738 2866 860 2919 comunis
878 2867 990 2936 singulis
1008 2867 1085 2918 annis
1103 2867 1170 2918 inira
1189 2867 1289 2918 dictum
1308 2867 1454 2918 terminum
1473 2883 1520 2935 pro
1533 2867 1656 2936 predictis
1674 2865 1709 2919 ia-

543 2974 602 3009 cere
621 2968 768 3020 teneantur,
786 2956 819 3008 Et
837 2953 883 3024 qui
902 2955 976 3007 electi
997 2953 1093 3006 suerint
1111 2955 1142 3006 ad
1162 2955 1231 3006 dicta
1243 2954 1330 3006 officia
1343 2954 1487 3006 exercenda
1500 2954 1543 3006 nel
1556 2955 1589 3007 ad
1601 2955 1709 3025 aliquod

544 3065 576 3098 ex
595 3046 632 3097 eis
652 3062 706 3096 non
720 3045 820 3114 possint
833 3044 920 3112 ipsum
933 3043 1051 3095 officinm
1065 3059 1182 3095 recusare
1195 3043 1242 3094 sub
1256 3059 1323 3111 pena
1336 3055 1362 3094 et
1376 3043 1465 3095 banno
1478 3042 1604 3094 librarum
1616 3043 1708 3096 decem

544 3134 722 3203 imperialium
741 3132 903 3184 comittenda
922 3149 967 3200 per
985 3131 1129 3201 quemlibet
1149 3129 1389 3194 contrafacientem‚
1408 3131 1442 3183 Et
1459 3130 1566 3200 insuper
1583 3131 1606 3184 si
1624 3131 1709 3183 dictus

544 3223 659 3275 sindicus
672 3238 717 3273 seu
731 3232 883 3290 procurator
897 3219 938 3271 uel
952 3219 1056 3272 auditor
1069 3218 1112 3270 nel
1125 3219 1205 3286 judex
1217 3217 1359 3270 defecerint
1378 3218 1405 3270 in
1419 3218 1551 3287 premissis
1563 3218 1606 3271 uel
1618 3217 1709 3288 aliquo

545 3311 732 3379 premissorum
751 3326 803 3378 que
821 3309 858 3360 eis
877 3308 933 3360 siue
952 3307 976 3359 ei
995 3324 1027 3358 ex
1046 3306 1131 3358 forma
1150 3306 1276 3376 presentis
1295 3307 1383 3358 statuti
1403 3306 1562 3358 incumbunt
1590 3305 1708 3358 iacienda

545 3398 626 3458 Quod
646 3397 694 3465 ipsi
713 3395 873 3448 defficientes
891 3393 932 3446 vel
951 3410 1008 3446 non
1026 3395 1195 3446 obseruantes
1213 3405 1258 3446 aut
1276 3393 1400 3446 deficiens
1418 3393 1459 3445 vel
1478 3410 1535 3446 non
1567 3393 1709 3446 obseruatis

544 3497 665 3538 teneatur
682 3484 720 3536 illi
740 3501 786 3536 sen
804 3483 856 3534 illis
875 3482 921 3551 qui
939 3481 1093 3535 huiusmodi
1107 3498 1196 3534 causas
1209 3482 1360 3551 questiones
1372 3498 1418 3534 seu
1432 3481 1551 3551 querelas
1563 3498 1626 3534 cnm
1638 3483 1708 3535 dicto

545 3585 673 3643 potestate
691 3571 844 3624 habuissent
861 3570 902 3622 vel
921 3569 1048 3622 haberent
1066 3570 1098 3622 ad
1117 3580 1204 3621 totum
1223 3569 1289 3622 illud
1307 3569 1340 3622 ad
1359 3570 1431 3640 qnod
1449 3568 1534 3622 dictus
1544 3581 1658 3640 potestas
1669 3569 1709 3622 illi

545 3660 588 3713 uel
607 3661 659 3712 illis
677 3670 809 3711 teneretur
827 3659 860 3710 de
878 3659 935 3726 jure
953 3658 986 3710 Et
1005 3657 1054 3726 ipsi
1072 3658 1160 3726 agenti
1179 3673 1241 3710 cnm
1261 3659 1332 3711 dicto
1359 3669 1455 3726 agente
1481 3656 1586 3710 soluere
1604 3669 1709 3710 tantum

545 3761 675 3819 quantum
693 3747 717 3800 ei
737 3746 821 3799 dictus
839 3757 953 3816 potestas
971 3746 1085 3798 solueret
1104 3761 1149 3797 seu
1168 3745 1271 3798 soluere
1289 3745 1421 3797 debuisset
1439 3745 1461 3797 si
1479 3745 1564 3798 dictus
1594 3757 1709 3814 potestas

544 3837 568 3887 ei
588 3837 826 3903 condampnaretur
844 3833 877 3886 de
895 3833 951 3885 iure
969 3850 1016 3886 seu
1035 3834 1162 3903 potuisset
1180 3833 1221 3884 vel
1241 3833 1373 3885 debuisset
1383 3833 1416 3885 de
1434 3834 1491 3901 jure
1509 3833 1708 3903 condampnari.

545 3925 578 3976 Et
596 3924 690 3975 lrabeat
709 3939 741 3975 eo
760 3939 820 3974 casu
839 3922 923 3974 dictus
942 3939 1022 3991 agens
1040 3938 1101 3974 cnm
1121 3922 1192 3973 dicto
1227 3933 1355 3990 potestate
1381 3919 1425 3972 uel
1443 3921 1477 3973 de
1494 3937 1527 3973 eo
1546 3937 1710 3991 conquerens

545 4027 592 4063 sen
610 4012 665 4062 eius
684 4009 783 4062 familia
802 4022 893 4062 contra
912 4009 996 4062 dictos
1014 4021 1211 4079 procuratorem
1230 4020 1256 4060 et
1274 4009 1406 4060 sindicum
1418 4008 1566 4062 auditorem
1579 4025 1625 4062 sen
1644 4009 1711 4078 judi·

544 4115 603 4150 cem
622 4098 743 4150 uidelicet
761 4110 852 4150 contra
871 4115 934 4149 eum
952 4115 984 4150 ex
1003 4097 1136 4167 premissis
1154 4096 1199 4166 qui
1230 4095 1372 4148 defecerint
1399 4096 1428 4148 in
1446 4096 1518 4150 dicto
1546 4097 1603 4151 eius
1621 4096 1710 4150 officio

546 4183 717 4252 adimplendo
735 4184 787 4236 tale
806 4186 847 4253 jus
860 4184 956 4253 agendi
969 4184 1046 4254 quale
1058 4196 1149 4237 contra
1162 4185 1263 4237 dictum
1277 4195 1433 4253 potestatem
1445 4184 1543 4238 babent
1554 4200 1601 4238 seu
1614 4184 1711 4237 habere

547 4283 671 4342 poterunt
689 4287 735 4324 seu
754 4272 888 4324 debebunt
905 4272 944 4324 lta
962 4283 1051 4324 tamen
1070 4272 1143 4342 qnod
1161 4270 1228 4324 inira
1246 4289 1330 4324 vnum
1349 4287 1451 4325 annum
1469 4271 1534 4324 illud
1553 4273 1595 4342 jus
1613 4271 1710 4342 agendi
