3926 5542
1389 549 1434 604 ¹5¹

274 653 398 708 sabaudie
415 665 464 708 ete
474 653 547 707 ducis
559 653 696 723 tociusque
705 653 855 724 reypnblice
865 653 927 706 dicti
939 653 989 706 loci
1000 653 1108 724 Bugelle
1118 653 1205 725 ipsum
1223 667 1350 708 statutum
1360 669 1439 724 prout

275 743 393 812 superins
405 755 443 794 est
456 741 616 811 descriptum
629 760 660 794 ex
673 741 804 794 statuendi
818 753 945 810 potestate
957 742 1058 795 eisdem
1071 741 1227 796 comunitati
1246 755 1271 794 et
1284 742 1440 795 hominibus

276 846 322 899 per
334 829 464 899 prelatum
477 829 686 882 illustrissimum
697 829 838 882 dominum
848 827 993 881 dominum
1006 841 1126 882 nostmm
1140 841 1165 881 et
1179 830 1234 881 eius
1249 829 1441 882 illustrissimos

276 917 458 986 progenitores
467 917 589 970 attributa
600 916 777 986 omnibusque
786 917 843 985 jure
856 915 897 968 via
909 916 993 968 modo
1006 927 1032 968 et
1045 913 1130 968 forma
1140 917 1234 986 quibus
1246 915 1341 968 melius
1353 929 1441 985 potne-

277 1017 338 1056 runt
349 1016 376 1055 et
385 1015 494 1072 possunt
505 1002 621 1056 lecerunt
630 1003 805 1056 condiderunt
817 1015 963 1056 statuerunt
973 1015 998 1054 et
1009 1001 1218 1055 resormauerum
1227 1019 1320 1055 eorum
1331 1005 1441 1073 proprijs

277 1090 431 1143 nominibus
444 1107 473 1144 ac
487 1092 543 1143 vice
558 1104 585 1143 et
594 1091 704 1144 nomine
714 1092 799 1144 tocius
811 1091 987 1144 uniuersitatis
999 1091 1169 1144 comunitatis
1182 1103 1207 1143 et
1220 1091 1363 1143 hominum
1379 1092 1440 1144 dicti

279 1178 330 1232 loci
349 1177 459 1248 Bugelle
477 1177 595 1230 volentes
614 1191 639 1231 et
657 1179 810 1231 ordinantes
828 1180 914 1248 ipsum
934 1191 1060 1232 statutum
1080 1179 1282 1248 suprascriptum
1295 1179 1441 1232 secundum

279 1265 335 1318 eins
353 1265 548 1318 continenciam
568 1283 613 1336 per
631 1266 712 1318 dictas
730 1267 922 1320 comunitatem
938 1267 1134 1319 uniuersitatem
1154 1279 1180 1318 et
1198 1265 1321 1318 homines
1340 1283 1443 1320 eorum·

279 1369 331 1422 que
349 1354 512 1422 posteritates
531 1366 657 1423 perpetuo
669 1367 696 1408 et
708 1354 896 1408 inuiolabiliter
909 1355 1049 1407 obseruari.
1063 1354 1239 1423 precipientes
1253 1365 1279 1406 et
1291 1353 1444 1407 ordinantes

280 1453 407 1494 statutum
426 1441 512 1510 ipsum
532 1442 596 1512 poni
615 1453 641 1494 et
659 1441 820 1511 incorporari
839 1443 866 1496 in
886 1443 1023 1495 volumine
1045 1455 1202 1495 statutorum
1230 1441 1292 1494 dicti
1321 1443 1444 1494 comunis

280 1527 389 1598 Bugelle
407 1529 537 1582 Necnon
555 1529 588 1582 de
606 1531 664 1600 ipso
682 1529 777 1584 confici
795 1531 890 1583 debere
908 1547 991 1583 vnum
1010 1543 1037 1582 et
1055 1530 1128 1600 plura
1147 1529 1250 1600 publica
1269 1530 1444 1582 instrumenta

281 1633 327 1685 per
344 1617 547 1686 suprascriptum
567 1617 752 1672 Andreomnm
771 1635 951 1672 messemnnm
970 1631 997 1671 et
1015 1635 1059 1670 me
1078 1629 1181 1688 petrum
1200 1619 1232 1670 de
1251 1617 1315 1670 leria
1328 1617 1445 1670 notarios

282 1703 400 1772 publicos
419 1717 444 1756 et
462 1705 558 1757 scribas
576 1696 638 1758 dicti
657 1705 779 1758 comunis
798 1705 908 1776 Eugelle
926 1705 958 1758 ad
977 1717 1129 1775 perpetuam
1149 1723 1194 1776 rey
1207 1705 1374 1758 memoriam.
1385 1705 1444 1758 Pre-

282 1791 368 1844 missis
386 1803 475 1844 autem
495 1791 669 1846 interfuerunt
687 1809 717 1846 ac
735 1793 882 1862 predictum
901 1805 1028 1846 statutum
1059 1793 1234 1846 condidemnt
1253 1805 1399 1846 statuerunt
1417 1807 1444 1846 et

283 1878 494 1932 reformauernnt
512 1895 605 1933 eorum
624 1880 735 1950 proprijs
762 1881 917 1933 nominibus
944 1893 970 1933 et
997 1893 1024 1932 vt
1052 1897 1128 1950 supra
1157 1881 1319 1951 nomineque
1346 1893 1372 1934 et
1390 1880 1447 1932 vice

282 1981 391 2018 suorum
410 1966 585 2034 paraticorum
603 1969 661 2020 sine
678 1967 853 2038 collegiorum
872 1967 976 2036 singula
989 1967 1100 2037 singulis
1119 1967 1256 2020 referendo
1270 1967 1447 2038 prenominati

284 2052 397 2106 Iacobus
415 2054 448 2106 de
466 2054 547 2122 spinis
566 2053 704 2108 Clanarius
722 2055 827 2126 collegii
848 2057 997 2108 innatorum
1016 2055 1149 2109 lohannes
1167 2056 1200 2108 de
1214 2055 1377 2124 vergnascbo
1390 2055 1448 2106 Cla·

285 2141 373 2192 uarius
392 2139 559 2195 ferrariorum
578 2143 713 2196 Antonius
731 2143 764 2196 de
782 2145 873 2212 gatigo
892 2143 1020 2197 clauarius
1039 2157 1169 2196 sartorum
1189 2156 1276 2214 petrus
1288 2143 1376 2212 gorzia
1390 2142 1448 2194 Cla·

285 2227 372 2280 uarius
390 2227 574 2298 caligariomm
594 2230 777 2283 bartolomeus
796 2229 945 2300 pelliparius
963 2231 1101 2284 Clanarius
1121 2231 1316 2301 pellipariorum
1335 2229 1445 2282 Vercel-

285 2313 363 2368 lonus
381 2315 414 2368 de
433 2315 537 2369 molino
555 2316 694 2370 Clanarius
713 2329 845 2370 textorum
859 2319 1024 2386 Augustinus
1037 2331 1153 2370 cerrutus
1167 2318 1304 2371 Clanarius
1318 2317 1450 2370 bechario-

285 2419 344 2454 rum
363 2403 534 2473 precipientes
552 2417 579 2457 et
597 2406 750 2459 ordinantes
768 2406 844 2459 dictis
863 2407 1017 2459 nominibus
1034 2419 1061 2460 vt
1080 2423 1164 2476 supra.
1178 2407 1211 2460 Et
1223 2419 1311 2459 actum
1325 2417 1448 2474 utsupra.

323 2543 382 2612 Ego
400 2556 487 2612 petrus
506 2543 576 2597 filius
594 2545 691 2599 nobilis
710 2545 870 2616 bartolomei
891 2547 924 2599 de
942 2545 1006 2600 leria
1024 2547 1058 2600 de
1076 2545 1181 2614 bugella
1200 2545 1318 2598 notarius
1331 2545 1450 2613 publicus

287 2647 317 2685 ac
336 2632 418 2684 scriba
437 2632 560 2685 comunis
579 2631 688 2702 bugelle
706 2650 757 2686 vna
775 2649 837 2686 cnm
855 2633 1020 2703 infrascripto
1033 2633 1117 2686 nobili
1132 2633 1272 2687 Andriono
1286 2631 1341 2684 filio
1354 2631 1451 2684 nobilis

288 2717 387 2772 Roffini
406 2719 548 2772 messemni
567 2720 671 2772 notario
689 2719 795 2788 publico
814 2721 946 2790 premissis
964 2720 1070 2774 interfui
1083 2733 1109 2772 et
1122 2720 1155 2773 de
1168 2731 1265 2772 statuto
1277 2718 1452 2788 suprascripto

289 2806 424 2876 publicum
443 2805 649 2859 instrumentum
668 2795 764 2876 Recepi
783 2807 923 2877 ipsumque
936 2821 1063 2862 statutum
1077 2808 1104 2860 in
1117 2807 1269 2877 protocollis
1288 2807 1354 2858 meis
1373 2806 1453 2858 Abre-

289 2893 362 2947 niaui
381 2905 503 2962 utsupra
523 2893 550 2946 in
569 2893 759 2965 voluminaque
777 2907 936 2948 statutorum
964 2896 1026 2948 dicti
1054 2896 1177 2948 comunis
1197 2911 1241 2964 per
1259 2893 1453 2962 inlmscriptnm

290 2981 460 3034 Andrionnm
479 2997 659 3034 messerannm
678 2982 747 3052 Alijs
765 2995 906 3050 occupatus
925 2983 1001 3036 scribi
1021 2983 1069 3036 leci
1097 2983 1275 3036 demandato
1294 2979 1453 3050 prelatorum

292 3067 465 3122 dominorum
484 3068 639 3123 officialium
657 3081 684 3123 et
701 3071 942 3123 credendariorium
962 3071 994 3123 Et
1012 3071 1073 3123 ideo
1092 3087 1136 3123 me
1154 3070 1198 3122 hic
1219 3069 1356 3137 subscripsi
1375 3085 1405 3120 ac
1424 3069 1456 3120 si·

293 3155 375 3224 gnam
394 3154 427 3209 ad
447 3155 483 3208 rei
502 3169 654 3226 perpetuam
673 3158 832 3210 memoriam
852 3169 878 3209 et
896 3158 924 3210 in
938 3158 1125 3226 premissorum
1138 3157 1321 3209 testimonium
1332 3155 1454 3207 veritatis.

330 3243 388 3312 Ego
407 3243 566 3296 Andreonus
585 3243 654 3296 filins
672 3244 769 3296 nobilis
788 3243 886 3296 Roffini
906 3244 1048 3296 messerani
1067 3244 1100 3296 de
1119 3243 1227 3310 Bugella
1247 3243 1365 3312 publicus
1383 3253 1457 3295 nota·

293 3329 347 3382 tius
365 3329 501 3400 scribaque
519 3331 641 3383 comunis
659 3330 768 3398 Bugelle
781 3347 832 3382 vna
846 3347 907 3384 cunr
921 3330 1094 3400 suprascripto
1107 3330 1190 3382 nobili
1205 3341 1278 3398 petro
1291 3329 1347 3382 filio
1360 3327 1457 3381 nobilis

295 3415 455 3470 Bartolomei
473 3417 507 3470 de
525 3417 588 3470 leria
606 3417 738 3486 premissis
757 3417 862 3470 interlui
882 3431 907 3470 et
925 3419 959 3471 de
977 3418 1150 3486 suprascripto
1160 3428 1259 3470 statuto
1272 3416 1405 3486 publicum
1420 3417 1458 3468 in·

294 3515 471 3557 strumentum
490 3505 574 3572 recepi
594 3501 735 3574 ipsumque
753 3505 886 3558 Statutum
906 3517 933 3557 vt
951 3521 1028 3574 supra
1046 3505 1073 3556 in
1093 3504 1245 3574 protocollis
1257 3503 1310 3556 mei
1323 3503 1457 3555 abre-niani

295 3605 325 3642 ac
343 3591 371 3643 in
390 3591 527 3644 volumine
545 3603 702 3644 statutorum
721 3591 784 3646 dicti
802 3593 925 3645 comunis
943 3591 1032 3661 scripsi
1051 3603 1077 3644 et
1095 3591 1262 3660 incorporaui
1281 3591 1314 3644 de
1332 3589 1458 3642 mandato

297 3677 458 3747 prelatorum
477 3677 649 3732 dominomm
668 3678 823 3731 officialium
841 3690 868 3732 et
886 3678 1126 3732 Credendatiotnm
1145 3678 1265 3748 Ideoque
1283 3695 1327 3730 me
1339 3677 1382 3730 hic
1401 3679 1459 3730 sub

296 3767 385 3836 scripsi
404 3783 466 3819 cum
485 3765 649 3835 appositione
667 3767 738 3820 soliti
757 3765 825 3834 signi
845 3767 898 3819 mei
917 3768 949 3820 ad
975 3779 1126 3836 perpetuam
1146 3784 1191 3836 rey
1210 3767 1368 3818 memoriam
1388 3775 1415 3818 et
1433 3765 1461 3820 iu

298 3855 482 3908 testimonium
502 3854 626 3906 veritatis.
