3918 5554
1376 561 1423 617 ²51

298 687 320 740 5.
338 672 406 726 Item
424 672 497 742 quod
515 669 647 726 Consules
665 671 728 724 dicti
747 669 853 742 paratici
872 669 974 741 possint
992 669 1077 725 facere
1095 669 1229 740 iusticiam
1247 670 1355 726 cuilibet
1364 670 1427 724 dicti

260 760 367 832 paratici
385 760 419 814 de
437 759 513 814 rebus
532 759 723 830 pertinentibus
741 759 774 812 ad
792 757 911 814 officium
929 759 1039 814 sartorie
1056 775 1138 830 usque
1156 760 1190 814 ad
1208 759 1309 816 solidos
1326 759 1359 812 V.
1379 775 1427 828 pa·

262 864 403 920 plenarum.

295 1004 321 1058 6.
340 1004 408 1058 Item
426 1005 499 1075 quod
517 1003 539 1059 si
557 1003 653 1077 aliquis
671 1005 705 1058 de
722 1004 872 1060 Sartoribus
890 1021 905 1058 a
924 1005 982 1060 VH.
1001 1005 1079 1059 annis
1097 1021 1174 1076 supra
1195 1007 1228 1059 ab
1260 1005 1312 1058 boc
1339 1003 1429 1059 seculo

260 1093 399 1146 decesserit
417 1109 512 1148 omnes
529 1093 573 1164 alij
593 1105 706 1148 sartores
723 1094 836 1148 debeant
855 1095 893 1162 jre
912 1093 945 1148 ad
964 1093 1088 1166 exequias
1105 1095 1163 1148 eius
1193 1105 1220 1146 et
1246 1103 1314 1147 stare
1344 1093 1429 1146 donec

260 1179 377 1251 sepultus
395 1180 481 1235 fuerit.
500 1181 533 1234 Et
551 1182 597 1251 qui
616 1179 797 1236 contrafecerit
815 1181 903 1235 soluat
920 1183 1039 1236 bannum
1049 1197 1098 1251 pro
1106 1179 1226 1252 quolibet
1234 1181 1382 1234 solidorum
1394 1180 1427 1234 11.

260 1269 434 1340 papiensium.
453 1269 487 1322 Et
506 1268 637 1323 Consules
656 1286 721 1324 uero
739 1269 781 1338 (ι)
799 1269 901 1341 possint
919 1269 983 1323 inde
1000 1269 1062 1322 dare
1080 1269 1228 1322 licenciam.

296 1458 321 1512 7.
339 1443 408 1497 Item
425 1444 497 1514 quod
527 1443 550 1497 si
577 1442 672 1514 aliquis
699 1442 807 1499 haberet
836 1441 953 1514 aliquem
981 1444 1132 1496 descentem
1159 1455 1350 1498 conuentatum
1378 1443 1428 1514 qui

262 1530 345 1584 nollet
362 1530 481 1585 laborare
498 1547 588 1584 secum
607 1531 679 1602 quod
698 1529 793 1600 aliquis
811 1529 878 1584 alius
896 1530 987 1584 Sartor
1005 1547 1060 1584 non
1079 1529 1186 1602 recipiat
1213 1530 1300 1600 ipsum
1332 1531 1365 1584 ad
1396 1543 1431 1584 te

261 1618 381 1672 nendum
399 1618 450 1672 nisi
469 1619 502 1672 de
520 1617 630 1672 licencia
649 1617 726 1673 illius
744 1618 790 1688 qui
808 1631 1003 1682 conuentasset,
1021 1617 1055 1673 Et
1073 1619 1119 1690 qui
1137 1617 1320 1673 contrafecerit
1343 1617 1431 1672 soluat

262 1707 381 1760 bannum
399 1723 447 1777 pro
465 1705 582 1777 qualibet
600 1706 643 1759 die
661 1704 810 1762 solidorum
827 1706 860 1761 11.
880 1707 1046 1778 papiensium
1065 1707 1186 1761 dumodo
1204 1707 1229 1760 ei
1247 1705 1334 1762 soluat
1354 1717 1429 1778 post-

265 1811 346 1866 quam
364 1794 388 1848 ei
408 1807 561 1865 preceptum
579 1793 679 1850 fuisset.

300 1971 324 2025 8.
343 1972 411 2026 Item
438 1970 510 2043 quod
538 1971 649 2042 quilibet
665 1971 764 2027 electus
782 1971 810 2026 in
830 1971 977 2028 Consulem
995 1983 1116 2048 teneatur
1133 1983 1160 2026 et
1178 1971 1271 2026 debeat
1289 1973 1375 2044 jurare
1404 1983 1431 2026 et

268 2059 381 2114 facerem
400 2059 578 2114 Consulatum
596 2071 623 2113 et
640 2060 686 2130 qui
705 2057 789 2113 facere
806 2059 922 2115 noluerit
940 2060 1026 2115 soluat
1039 2077 1086 2131 pro
1099 2061 1188 2114 banno
1201 2075 1248 2130 pto
1260 2059 1376 2130 quelibet
1388 2059 1432 2112 die

265 2165 318 2219 qua
337 2148 466 2202 distulerit
484 2149 517 2202 ad
536 2148 678 2219 jurandum
697 2148 796 2203 solidos
816 2148 848 2201 11.
867 2149 1032 2220 papiensium
1051 2161 1077 2202 et
1096 2161 1185 2219 postea
1203 2149 1290 2218 jurare
1308 2159 1334 2202 et
1347 2145 1431 2202 facere

263 2247 385 2290 teneatur
403 2236 474 2290 bona
493 2235 546 2291 fide
563 2250 590 2292 et
610 2235 739 2306 legaliter.

301 2411 326 2466 9.
346 2396 413 2450 Item
431 2397 504 2468 quod
522 2396 598 2451 omni
617 2413 689 2450 anno
707 2407 769 2452 ante
786 2407 908 2450 sanctum
922 2394 1208 2466 Martinumeligantar
1225 2395 1280 2449 duo
1299 2393 1430 2450 Consules

264 2501 309 2554 per
327 2483 458 2539 Consules
476 2497 576 2540 veteres
594 2501 677 2540 vnum
704 2485 738 2540 de
765 2484 856 2540 Plocio
883 2498 911 2539 et
937 2501 1020 2539 vnum
1048 2485 1082 2538 de
1111 2483 1196 2540 Plano
1223 2499 1285 2540 eum
1312 2483 1426 2539 consilio

264 2572 379 2628 duorum
397 2573 431 2627 de
449 2573 572 2644 paratico.

304 2760 344 2801 ro.
362 2747 430 2800 Item
448 2747 520 2818 quod
539 2745 671 2802 Consules
688 2758 829 2802 teneantur
846 2759 873 2802 et
885 2747 998 2803 debeant
1009 2747 1097 2818 jurare
1108 2747 1244 2802 attendere
1256 2759 1283 2802 et
1294 2747 1433 2802 observare

266 2850 314 2904 pro
332 2851 426 2889 eorum
445 2851 522 2906 posse
539 2835 632 2889 omnia
643 2846 739 2889 stamta
751 2836 784 2889 ed
796 2836 981 2891 ordinamenta
993 2835 1060 2890 facta
1079 2853 1125 2908 pm
1138 2836 1283 2908 peraticum
1301 2847 1432 2891 sartonam

265 2921 334 2976 iuste
351 2934 378 2976 et
396 2921 586 2978 rationabiliter
604 2921 670 2977 beta
699 2939 745 2993 per
775 2921 929 2996 Collegium
958 2935 985 2978 et
1014 2941 1060 2996 pm
1090 2923 1216 2980 Comune
1246 2922 1356 2996 bugelle
1382 2939 1432 2994 ap·

266 3011 382 3082 probata

303 3202 343 3242 11.
361 3187 430 3242 Item
448 3188 521 3260 quod
539 3187 650 3259 quilibet
667 3185 758 3242 Sartor
774 3199 895 3242 teneatur
917 3184 954 3256 {et
983 3187 1076 3242 debeat
1106 3184 1190 3241 fecere
1216 3186 1245 3240 in
1263 3185 1331 3240 festo
1349 3183 1433 3240 sanni

267 3275 395 3348 Stephani
414 3276 530 3331 Cereum
549 3293 633 3330 vnum
651 3277 684 3330 de
702 3274 768 3331 libra
786 3293 840 3330 utta
857 3291 917 3330 cere
934 3287 961 3330 et
972 3287 1075 3347 portare
1086 3275 1119 3330 ad
1131 3287 1252 3330 sanctum
1265 3273 1432 3346 Stephanum

267 3379 331 3418 curn
348 3363 408 3434 alijs
425 3375 452 3418 et
469 3364 602 3418 custodire
619 3381 666 3435 per
683 3375 771 3418 totum
796 3380 898 3418 annum
927 3375 954 3418 et
981 3375 1084 3434 portare
1101 3363 1135 3418 ad
1153 3361 1276 3434 exequias
1294 3361 1434 3418 cuiuslibet

266 3451 372 3506 sartoris
389 3451 506 3506 defuncti
524 3463 551 3506 et
569 3451 708 3506 cuiuslibet
726 3452 759 3506 de
777 3451 877 3506 familie
895 3467 911 3506 a
929 3450 987 3504 Vll.
1000 3451 1077 3506 anub
1090 3468 1167 3522 supra
1180 3463 1283 3504 etstare
1294 3465 1434 3521 quousque

265 3537 385 3594 officium
404 3539 437 3594 sit
455 3540 620 3610 completum
638 3551 664 3594 et
691 3539 754 3594 dare
779 3555 863 3593 vnum
888 3539 1027 3594 denarium
1046 3555 1093 3610 pro
1111 3538 1251 3593 consortio
1269 3537 1325 3592 Sub
1343 3537 1433 3592 banno

266 3627 413 3682 solidorum
431 3626 464 3681 11.
484 3627 650 3698 papiensium
668 3626 734 3682 etsi
753 3643 818 3682 uero
837 3627 962 3698 magister
979 3643 1035 3681 non
1054 3626 1132 3681 fuerit
1149 3625 1224 3681 domi
1242 3637 1382 3680 teneantur
1394 3623 1433 3678 illi

266 3713 300 3767 de
318 3713 418 3769 familia
437 3715 542 3770 mittete
560 3715 707 3770 Cereurnsi
720 3713 818 3769 fuenm
830 3715 960 3786 requisisti
979 3714 1133 3769 aseruitore
1146 3715 1195 3769 sub
1204 3713 1321 3786 predicto
1335 3714 1433 3766 banno.

267 3801 301 3856 Et
320 3801 373 3858 hoc
391 3803 424 3858 ed
443 3802 567 3876 exequias
585 3803 665 3874 patris
682 3813 709 3856 et
727 3803 825 3868 uxoris,
842 3813 869 3856 et
887 3801 979 3856 mauis
997 3801 1078 3873 ipsius
1095 3803 1209 3857 sartoris

306 3989 345 4031 ta.
364 3977 431 4032 ltem
449 3979 522 4049 quod
539 3977 651 4049 quilibet
668 3988 788 4034 teneatur
805 3989 832 4030 et
850 3977 943 4031 debeat
961 3976 1051 4030 venire
1068 3977 1100 4030 ad
1119 3975 1257 4030 citationes
1282 3973 1433 4029 Consulum

267 4065 357 4137 etqui
376 4065 558 4121 contrafecerit
576 4064 663 4122 soluat
681 4081 729 4136 pro
739 4064 866 4136 quolibet
892 4076 919 4120 et
948 4062 1065 4136 qualibet
1093 4063 1151 4118 uice
1175 4063 1298 4118 denarios
1316 4062 1374 4116 xil.
1393 4077 1435 4134 pa·

268 4153 380 4224 pientes

295 4369 323 4422 (t)
339 4365 372 4409 sie
387 4365 408 4408 ia
422 4365 501 4416 codice,
516 4365 551 4407 sed
567 4363 635 4406 forsan
650 4364 724 4406 rectius
739 4363 858 4418 legendum:
874 4378 917 4404 nou.
