3958 5540
1403 545 1452 602 139

290 667 316 708 et
334 652 475 708 consulum
494 665 617 724 utsupra
636 654 685 708 sub
704 654 778 724 penis
797 655 830 707 de
848 655 943 724 quibus
961 670 1037 724 supra
1056 655 1088 708 ad
1108 672 1186 709 usum
1197 654 1266 710 dicte
1284 653 1454 708 comunitatis

289 741 447 796 Coraaimm
465 759 547 796 unam
565 758 611 796 seu
639 755 772 796 corsetum
799 759 882 795 vnum
911 743 1014 796 Bonam
1041 759 1087 796 seu
1117 743 1218 796 bonum
1237 755 1263 796 et
1281 742 1453 796 sufficeutem.

289 830 356 884 Item
374 830 534 884 tarchoaum
552 847 636 884 vnum
655 831 757 884 bonum
776 843 802 883 et
820 829 994 883 sufficientem
1013 831 1166 900 depinctum
1186 847 1247 884 cum
1266 831 1346 884 amris
1364 829 1455 884 vestris

289 917 322 970 ad
341 930 493 988 perpetuam
513 917 571 989 Rey
589 917 748 972 memoriam
766 930 851 971 vestre
869 917 1024 988 dignissime
1043 931 1154 987 preture.

325 1055 367 1109 71.
386 1040 457 1096 Item
475 1039 532 1094 Vos
550 1039 660 1094 domine
679 1053 793 1110 potestas
807 1040 930 1110 Jurabitis
948 1041 1151 1110 suprascriptum
1170 1052 1297 1095 statutum
1315 1057 1345 1094 ac
1363 1041 1455 1094 omnia

290 1127 454 1198 lnfrascripta
472 1141 568 1182 statuta
586 1141 612 1182 et
630 1145 797 1200 quecumque
815 1129 866 1182 alia
884 1129 986 1182 Statuta
1004 1129 1066 1182 dicti
1085 1129 1207 1183 comunis
1220 1141 1274 1182 tam
1290 1127 1356 1182 facta
1374 1145 1455 1199 quam

291 1215 378 1270 fienda
396 1227 423 1270 et
440 1233 621 1288 quascumque
640 1215 855 1271 Refomraciones
873 1228 899 1271 et
917 1216 1098 1270 ordinationes
1110 1217 1179 1271 dicte
1188 1217 1358 1270 comunitatis
1377 1219 1456 1270 lactas

290 1315 316 1357 et
335 1301 435 1358 fiendas
453 1321 499 1373 per
516 1303 615 1358 dictam
633 1304 826 1358 comunitarem
840 1303 950 1374 Bugelle
967 1304 1107 1358 obseruare
1119 1317 1145 1358 et
1157 1305 1289 1374 obseruari
1304 1303 1387 1358 facere
1400 1303 1456 1358 Sub

290 1393 365 1462 penis
382 1392 411 1444 in
430 1392 580 1462 precedenti
598 1392 704 1446 Stamto
722 1405 748 1446 et
775 1391 890 1462 capitulo
919 1392 1050 1446 contentis
1078 1390 1148 1447 Tam
1175 1409 1220 1464 per
1246 1409 1392 1464 nosquam
1411 1409 1457 1462 per

290 1478 432 1534 dominura
451 1480 579 1534 vicarium
597 1480 711 1534 militem
730 1493 757 1535 et
774 1492 874 1534 ceteros
893 1479 1045 1534 familliares
1064 1492 1171 1536 vestros
1197 1481 1230 1534 Et
1248 1497 1309 1534 casu
1327 1496 1382 1552 quo
1400 1479 1457 1550 ipse

290 1568 417 1623 dominus
434 1567 546 1621 vicarius
564 1579 649 1622 vester
666 1581 712 1622 aut
730 1568 812 1639 aliqui
830 1569 864 1622 de
881 1567 992 1622 simillia
1010 1581 1095 1623 vestra
1113 1569 1147 1624 In
1166 1568 1335 1640 infrascriptis
1353 1569 1456 1623 statutis

290 1657 422 1710 nominati
441 1669 468 1710 et
485 1656 670 1726 comprehensi
688 1656 717 1710 in
735 1656 825 1728 aliquo
838 1656 985 1711 difficerent
995 1657 1028 1710 ad
1041 1657 1112 1728 quod
1125 1657 1216 1727 vigore
1232 1656 1456 1728 infrascriptorum

292 1757 452 1798 statutorum
470 1755 595 1798 tenentur
612 1743 772 1798 Teneamini
791 1759 839 1797 vos
857 1743 1034 1814 principaliter
1052 1739 1100 1814 pro
1119 1745 1181 1814 ipsis
1194 1745 1319 1798 omnibus
1331 1745 1367 1798 sic
1386 1743 1457 1798 delli·

292 1833 422 1886 cientibus
440 1845 467 1886 et
485 1848 532 1885 vos
545 1844 600 1885 met
613 1831 641 1884 in
654 1849 748 1885 eorum
760 1831 873 1886 deffectu
887 1831 1046 1886 Teneamini
1059 1831 1186 1902 Supplere
1199 1847 1292 1886 eorum
1305 1831 1458 1886 defectibus

292 1919 347 1974 Sub
366 1937 433 1990 pena
451 1933 478 1974 et
496 1920 571 1990 penis
589 1921 623 1974 de
641 1921 736 1990 quibus
755 1921 782 1973 in
802 1921 950 1991 precedenti
982 1920 1093 1973 Statum.
1114 1919 1147 1973 Et
1165 1920 1290 1973 dominus
1309 1921 1458 1974 Sindicator

293 2008 407 2062 Ellectus
425 2009 465 2062 vel
485 2008 641 2078 Elligendus
659 2025 714 2062 non
734 2009 826 2062 debeat
846 2027 894 2062 nec
913 2007 995 2078 possit
1014 2026 1045 2060 ex
1065 2009 1158 2078 quauis
1177 2025 1254 2061 causa
1273 2008 1362 2062 colore
1374 2021 1399 2062 et
1419 2009 1458 2062 in·

293 2095 374 2164 genio
393 2096 527 2148 licentiare
545 2112 592 2148 vos
611 2095 771 2165 Spectabiles
798 2097 923 2149 dominos
951 2107 1107 2166 potestatem
1135 2095 1261 2150 sicarium
1290 2095 1412 2150 millitenr
1431 2111 1457 2150 et

293 2195 393 2236 ceteros
411 2184 445 2236 de
463 2181 574 2236 famillia
592 2184 650 2236 Nisi
669 2183 772 2236 realiter
790 2195 816 2238 et
834 2200 895 2237 cum
914 2181 1009 2236 effectu
1027 2183 1234 2254 adimpleueritis
1252 2184 1344 2238 omnia
1362 2196 1388 2238 et
1408 2185 1458 2238 sin·

292 2271 355 2342 gula
374 2271 401 2326 ia
420 2271 600 2342 suprascriptis
618 2284 645 2325 et
663 2269 832 2342 infrascriptis
850 2271 959 2325 Statutis
977 2284 1101 2326 contenta
1114 2273 1147 2326 Et
1160 2288 1221 2326 casu
1233 2287 1287 2342 quo
1300 2289 1373 2326 secus
1386 2269 1458 2326 fieret

292 2378 338 2430 per
356 2361 457 2414 dictum
486 2359 629 2413 dominum
657 2358 850 2414 Sindicatorem
877 2360 936 2430 Ipse
962 2361 1088 2414 dominus
1116 2359 1265 2414 Sindicator
1283 2362 1340 2432 ipso
1359 2361 1414 2414 iure
1433 2373 1459 2414 et

294 2447 364 2502 facto
382 2449 497 2502 incurrat
515 2465 583 2518 pena
601 2447 707 2518 periurij
728 2461 753 2502 et
771 2449 805 2501 sit
823 2449 940 2518 priuatus
967 2448 1178 2520 quibuscumque
1208 2449 1378 2520 honorancijs
1396 2448 1458 2503 dicti

295 2537 418 2590 comunis
435 2549 462 2590 et
480 2549 601 2597 teneatur
618 2538 651 2590 ad
671 2537 795 2590 interesse
814 2537 882 2590 dicte
901 2537 1081 2591 comunitatis.

328 2675 370 2730 7²·
389 2660 456 2714 Item
473 2659 596 2729 Jurabitis
614 2675 662 2712 vos
689 2660 799 2714 domine
825 2673 940 2730 potestas
967 2661 1049 2723 Quod
1068 2677 1122 2715 non
1142 2661 1237 2716 dabitis
1257 2663 1311 2716 Nec
1330 2659 1460 2716 defle-retis

291 2748 475 2818 Juramentum
494 2747 573 2800 alicui
593 2747 720 2800 Seruitori
739 2763 785 2801 seu
805 2749 942 2802 manderio
961 2749 1033 2802 curie
1051 2761 1135 2803 vestre
1153 2765 1201 2802 nec
1221 2749 1308 2819 ipsum
1321 2751 1353 2804 ad
1366 2749 1461 2804 exerci-

293 2837 364 2890 cium
383 2836 424 2890 sui
442 2835 522 2904 officij
543 2835 720 2888 Nullathenus
738 2837 882 2890 admittetis
902 2837 957 2890 Nec
975 2835 1079 2890 admitti
1092 2838 1248 2908 permittetis
1261 2855 1306 2908 per
1318 2837 1460 2892 dominum

294 2924 421 2978 vicarium
440 2937 557 2977 vestrum
578 2923 629 2976 nisi
647 2922 693 2976 ille
712 2937 757 2978 aut
776 2923 816 2978 llli
835 2925 899 2978 tales
918 2925 1059 2978 seruitores
1077 2939 1103 2978 et
1122 2925 1250 2995 manderij
1272 2925 1367 2980 fuerint
1386 2925 1460 2980 vobis

293 3013 433 3083 presentati
452 3013 539 3084 primo
558 3029 605 3082 per
622 3011 747 3066 dominos
765 3011 909 3066 clauorium
928 3025 955 3066 et
972 3012 1094 3066 consules
1112 3013 1191 3066 huius
1210 3013 1261 3068 loci
1275 3014 1392 3084 linge-lle.
1403 3013 1460 3076 Qui

293 3101 433 3156 seruitores
451 3113 592 3156 teneantur
610 3113 636 3154 et
654 3101 767 3154 debeant
780 3113 922 3171 antequam
935 3099 1076 3154 defloratur
1088 3101 1150 3172 ipsis
1163 3103 1342 3171 juramentum
1356 3119 1401 3172 per
1413 3119 1460 3156 vos

293 3201 339 3243 aut
356 3189 483 3243 vicarium
501 3203 618 3243 vmmrm
637 3201 663 3242 et
681 3189 714 3242 ad
733 3189 890 3242 exercicium
909 3205 1003 3242 eorum
1021 3187 1101 3258 oflicij
1122 3189 1294 3242 admittantur
1312 3201 1460 3259 presentare

293 3291 320 3332 et
338 3277 457 3331 traddere
475 3290 615 3331 teneantur
633 3275 744 3348 quilibet
761 3275 880 3346 ipsorum
893 3293 976 3330 vnum
989 3276 1109 3346 pulcrum
1125 3277 1230 3330 Bonum
1243 3293 1272 3330 ac
1284 3277 1459 3330 sufficientem

295 3363 469 3420 Tarchonum
489 3365 642 3436 depinctum
661 3381 723 3418 cum
742 3364 821 3418 armis
840 3365 931 3418 vestris
950 3375 995 3418 aut
1013 3365 1093 3418 armis
1112 3363 1282 3418 comunitatis
1300 3364 1410 3434 Rugelle
1428 3365 1461 3418 Et

294 3455 321 3508 in
341 3453 464 3508 manibus
482 3453 614 3507 dictorum
633 3453 805 3506 dominorum
825 3451 931 3524 clauarij
952 3465 978 3506 et
997 3451 1140 3506 consulum
1154 3453 1186 3506 ad
1199 3469 1274 3506 usum
1288 3453 1357 3507 dicte
1371 3469 1461 3506 comu-

298 3541 387 3596 nitatis
406 3541 557 3596 Remittere.

330 3679 373 3734 73.
393 3665 459 3719 Item
479 3665 599 3718 lurabitis
618 3681 665 3718 vos
683 3664 786 3718 domini
805 3677 919 3734 potestas
937 3677 963 3718 et
981 3664 1076 3719 vicarie
1094 3666 1126 3719 ad
1146 3677 1233 3720 sancta
1252 3665 1302 3736 dey
1316 3664 1461 3732 Euangelia

294 3751 384 3807 Tectis
403 3754 573 3824 corporaliter
591 3754 724 3824 scripturis
742 3753 824 3816 Quod
843 3753 875 3806 de
894 3754 1021 3806 mandato
1040 3755 1118 3806 verstri
1137 3771 1182 3806 seu
1202 3769 1332 3806 consensu
1345 3769 1391 3824 per
1404 3753 1462 3806 Mil·

296 3841 371 3896 litem
389 3853 416 3896 et
434 3841 585 3896 familliares
603 3855 703 3896 vestros
721 3857 776 3894 non
795 3841 951 3912 permittetis
979 3841 1095 3911 aliquem
1123 3842 1240 3910 arrestari
1265 3841 1308 3895 die
1326 3840 1396 3911 jouis
1414 3857 1460 3896 seu

294 3927 345 3982 alia
363 3929 407 3983 die
425 3945 477 4000 qua
495 3929 633 3998 continget
650 3927 739 3982 forum
757 3927 812 3982 fieri
832 3929 859 3982 in
880 3928 939 3982 loco
958 3927 1068 3998 Bugelle
1080 3929 1135 3982 Nec
1147 3940 1266 3997 tempore
1281 3929 1460 3982 nundinarum

296 4033 344 4086 pro
362 4016 453 4087 aliquo
471 4017 561 4070 debito
574 4017 653 4070 Civili
666 4017 877 4088 quibuscumque
890 4015 917 4068 in
930 4016 1093 4068 contrarium
1113 4015 1256 4069 educendis
1269 4029 1295 4070 et
1307 4015 1462 4072 facientibus

295 4121 351 4158 non
370 4105 543 4168 obstantibus,
563 4105 697 4174 Quodque
716 4119 770 4157 non
790 4103 946 4174 pennittetis
964 4104 1037 4175 quod
1055 4103 1181 4156 officiales
1199 4115 1225 4158 et
1244 4103 1394 4158 familiiarea
1412 4121 1460 4160 ve-

294 4192 340 4246 stri
359 4193 466 4262 exigant
485 4192 518 4244 ab
536 4208 588 4244 vna
606 4207 717 4262 persona
735 4204 857 4244 arrestata
876 4191 956 4244 etiarn
975 4191 996 4244 si
1017 4189 1083 4244 foret
1112 4203 1234 4244 arrestata
1253 4193 1285 4246 ad
1305 4192 1461 4246 instanciam

296 4279 413 4350 plurium
434 4295 605 4348 personarum
634 4279 684 4332 nisi
712 4279 850 4348 pecuniam
880 4279 942 4349 jpsis
961 4277 1143 4332 lamilliaribus
1161 4291 1322 4350 spectantem
1343 4297 1390 4352 pro
1408 4297 1462 4334 vno

295 4379 394 4424 arte-sm
413 4379 438 4420 et
457 4367 582 4436 premissa
601 4367 774 4420 obseruabitis
792 4379 818 4420 et
836 4367 969 4421 obseruari
988 4365 1087 4422 facietis
1105 4383 1151 4438 per
1168 4367 1291 4422 millitem
1318 4379 1344 4421 et
1362 4379 1463 4422 ceteros
