3978 5546
1374 511 1405 568 33

244 621 330 676 soluat
348 637 396 691 pto
413 621 533 692 quolibet
550 634 578 676 et
594 621 711 694 qualibet
728 621 787 674 uice
804 621 827 674 si
845 619 923 674 fuerit
941 621 973 674 de
992 621 1036 675 die
1053 619 1101 674 sol.
1120 619 1178 674 Π,
1192 635 1234 690 pp.
1249 631 1275 674 et
1287 619 1320 673 de
1330 631 1408 673 nocte

243 709 292 764 sol.
311 710 366 764 XL.
386 726 428 780 pp.
446 710 480 764 Et
497 727 575 781 super
592 711 644 764 hiis
662 710 787 764 omnibus
805 708 926 762 consules
955 719 1095 762 teneratur
1121 708 1261 778 inquirere
1280 719 1308 761 et
1324 706 1408 762 facere

244 797 329 850 iurare
347 797 391 866 (1)
409 813 504 852 omnes
521 813 589 868 quos
606 797 764 852 crediderint
781 795 878 850 luxisse
896 796 939 864 (1)
958 807 985 848 et
1002 796 1086 850 eciam
1104 812 1201 850 omnes
1217 807 1296 848 testes
1312 811 1407 848 neces-

244 885 326 939 sarios
344 901 390 955 per
406 901 474 956 quos
492 886 589 957 poterit
605 885 711 956 reperiri
730 885 826 938 ueritas
843 884 877 938 de
894 884 1024 954 predictis
1042 895 1069 937 et
1086 895 1176 938 tenere
1202 895 1365 938 accersatores
1382 895 1409 938 et

244 971 441 1026 denuntiatores
459 973 582 1042 priuatos
601 983 628 1026 et
645 989 722 1042 super
749 988 843 1026 eorum
870 971 1116 1025 denuntiationibus
1143 981 1170 1024 et
1198 971 1409 1025 accusationibus

245 1059 312 1113 bene
330 1071 357 1114 et
374 1059 515 1131 diligenter
531 1060 671 1131 inquirere.
690 1072 717 1114 et
734 1060 780 1130 qui
798 1075 875 1130 super
893 1059 945 1114 hiis
963 1059 1048 1113 iurare
1065 1059 1181 1114 noluerit
1192 1059 1226 1112 de
1244 1059 1354 1112 ueritate
1372 1059 1409 1113 di·

245 1147 335 1200 cenda
354 1147 441 1202 soluat
459 1150 578 1202 bannum
596 1147 644 1202 sol.
663 1147 696 1200 V.
716 1165 757 1220 pp.
776 1159 803 1200 et
820 1159 911 1218 postes
929 1147 997 1200 iuret
1015 1147 1105 1217 etqui
1132 1146 1279 1216 permiserit
1300 1145 1356 1200 ludi
1374 1147 1408 1202 ad

244 1237 361 1309 aliquem
378 1235 612 1307 suprascriptorum
631 1235 755 1290 ludomm
773 1235 801 1288 in
820 1235 907 1306 aliqua
925 1245 997 1306 parte
1009 1233 1146 1288 sediminis
1161 1251 1208 1288 seu
1221 1235 1303 1288 domo
1315 1235 1344 1288 in
1357 1250 1409 1305 qua

245 1324 402 1378 habimuerit
420 1323 506 1378 soluat
524 1323 558 1378 de
575 1323 618 1378 die
635 1321 684 1376 sol.
703 1323 751 1377 Lx
769 1323 812 1392 (2)
831 1333 857 1376 et
874 1323 909 1376 de
927 1333 1005 1376 nocte
1023 1321 1063 1376 sol
1082 1321 1130 1376 Lx
1149 1322 1193 1391 (a)
1211 1337 1255 1392 pp.
1273 1333 1299 1374 et
1317 1333 1408 1393 poster

246 1413 342 1466 domus
359 1411 417 1465 siue
434 1411 554 1466 sedimen
572 1411 600 1464 in
619 1427 671 1482 qua
689 1410 732 1464 uel
751 1410 779 1464 in
798 1425 853 1482 quo
871 1409 961 1464 lusum
979 1408 1057 1463 fuerit
1069 1409 1103 1463 sit
1115 1409 1214 1463 cridata
1226 1409 1254 1462 in
1264 1410 1354 1463 banno
1364 1425 1410 1481 per

246 1499 359 1554 nuncios
376 1499 499 1554 comunis
508 1498 575 1552 inira
592 1498 651 1553 XV.
664 1497 720 1553 dies
738 1510 878 1569 postquam
896 1496 1028 1552 sciuerint
1040 1497 1079 1550 Ita
1097 1497 1169 1569 quod
1187 1497 1224 1550 ibi
1242 1513 1298 1550 non
1316 1497 1410 1552 debeat

246 1587 326 1642 uendi
343 1587 419 1658 panis
436 1603 486 1641 nec
504 1587 598 1641 uinum
616 1603 665 1640 nec
683 1585 783 1656 aliquid
801 1585 872 1640 allud
891 1585 942 1655 (3).
955 1584 1025 1640 Infra
1043 1601 1129 1640 unum
1145 1601 1247 1638 annum
1262 1601 1277 1638 a
1290 1595 1410 1656 tempore

247 1674 317 1728 cride
329 1687 357 1728 et
368 1674 574 1728 imbandationis
591 1672 666 1726 facte.
685 1685 712 1726 et
729 1673 751 1727 si
763 1673 884 1726 habitans
896 1673 994 1728 dictam
1007 1673 1120 1728 domum
1132 1671 1181 1726 iret
1189 1673 1224 1726 ad
1235 1671 1409 1726 habitandum

246 1759 327 1816 aliam
345 1762 466 1816 domum.
484 1761 530 1816 illa
547 1778 628 1834 quarn
641 1761 691 1815 iret
702 1762 736 1816 ad
747 1760 922 1814 habitandum
935 1761 968 1814 sit
980 1761 1140 1816 imbandata.
1153 1760 1238 1814 donec
1249 1758 1328 1814 fuerit
1339 1775 1410 1814 com·

247 1849 332 1920 pietus
343 1865 428 1904 annus
440 1850 554 1920 predicte
562 1850 633 1904 eride
644 1861 671 1903 et
683 1847 889 1904 imbandationis
900 1847 975 1902 facte.
988 1861 1014 1902 et
1026 1847 1077 1902 alia
1089 1847 1117 1902 in
1130 1863 1182 1919 qua
1192 1847 1263 1920 prius
1276 1847 1411 1902 habitabat

247 1938 282 1992 sit
299 1937 379 1992 libera
398 1949 424 1992 et
436 1938 554 1992 absoluta
567 1937 604 1992 ita
616 1937 689 2009 quod
701 1937 738 1993 ibi
750 1937 831 1991 libere
843 1937 924 1992 uendi
936 1938 1018 2008 possit
1030 1937 1081 2006 (3).
1093 1949 1121 1992 et
1132 1935 1203 2007 quod
1216 1935 1305 1990 nullus
1317 1937 1411 1990 debeat

248 2043 336 2079 emere
349 2025 471 2079 uendere.
485 2025 527 2080 uel
540 2025 708 2080 mercandare
720 2042 782 2079 cum
794 2041 835 2078 eo.
848 2025 932 2096 etqui
945 2023 1093 2078 uendiderit
1104 2024 1148 2078 uel
1162 2023 1256 2078 emerit
1269 2023 1369 2096 aliquid
1381 2024 1409 2078 in

248 2113 369 2182 predictis
378 2129 425 2183 per
433 2125 520 2168 totum
529 2125 633 2184 tempus
643 2129 736 2168 eorum
746 2113 905 2166 consulatus.
912 2111 998 2166 soluat
1008 2128 1055 2182 pro
1065 2110 1181 2182 qualibet
1187 2111 1245 2165 uice
1254 2111 1341 2166 simile
1349 2113 1411 2166 ban·

247 2217 322 2254 num.
340 2201 374 2254 Et
392 2200 514 2254 consules
531 2217 586 2256 non
605 2201 706 2271 possint
717 2201 780 2254 dare
792 2199 930 2254 licenciam
942 2212 982 2254 set
993 2211 1132 2254 teneantur
1143 2199 1279 2271 lnquirere
1291 2211 1320 2252 ut
1331 2215 1409 2270 supra

248 2304 326 2359 super
343 2288 469 2342 omnibus
487 2304 548 2342 cum
567 2300 732 2342 sacramento
750 2299 777 2341 et
794 2289 853 2342 sine
870 2299 1042 2342 sacramento.
1061 2289 1094 2342 Et
1112 2288 1134 2342 si
1152 2287 1247 2358 aliquis
1259 2287 1411 2357 reprobatus

249 2375 327 2430 luerit
344 2375 436 2430 iecisse
453 2387 544 2430 contra
565 2375 687 2446 predicta
700 2389 840 2448 postquam
852 2376 885 2430 de
897 2375 982 2446 prima
994 2375 1052 2429 uice
1070 2375 1149 2430 luerit
1160 2375 1313 2446 reprobatus
1324 2390 1411 2445 aspor-

248 2475 337 2518 tentur
353 2464 421 2518 ostia
439 2464 496 2518 siue
514 2475 588 2536 porte
605 2463 702 2518 domus
720 2464 748 2518 ἱππ
761 2481 813 2535 qua
826 2463 914 2518 lusum
927 2462 1011 2517 fuerit
1024 2463 1063 2517 lta
1075 2463 1147 2534 quod
1160 2479 1215 2518 non
1228 2463 1311 2534 possit
1322 2475 1411 2518 tenere

248 2551 315 2606 ostia
333 2550 390 2606 siue
408 2563 495 2622 portas
514 2551 542 2606 in
560 2551 629 2605 dicta
647 2551 730 2606 domo
749 2568 795 2622 per
811 2563 899 2606 totum
918 2563 1022 2621 ternpus
1040 2549 1192 2606 consulatus
1209 2549 1237 2604 in
1255 2566 1310 2620 quo
1322 2549 1410 2604 lusum

248 2638 326 2694 luerit
336 2655 385 2694 nec
394 2639 478 2692 eciam
488 2638 569 2710 possit
578 2651 646 2692 stare
655 2637 749 2710 aliquis
758 2639 787 2694 ἱππ
797 2639 852 2710 ipsa
861 2640 943 2693 domo
953 2639 1004 2708 (4).
1014 2639 1047 2694 Et
1055 2639 1127 2710 quod
1137 2639 1206 2692 dicta
1223 2637 1319 2692 domus
1331 2637 1365 2692 sit
1382 2637 1411 2692 in

249 2727 338 2782 banno
356 2743 372 2782 a
390 2726 433 2781 die
450 2726 522 2782 cride
540 2725 607 2780 lacte
620 2743 703 2797 usque
715 2726 749 2781 ad
760 2743 845 2780 vnum
858 2743 960 2782 annum
973 2727 1133 2782 continuum
1145 2737 1172 2780 et
1183 2723 1346 2796 completum
1359 2725 1411 2796 (4).

287 2865 344 2936 176.
364 2865 431 2920 Item
449 2876 576 2920 statutum
594 2877 633 2920 est
651 2865 724 2936 quod
742 2865 788 2937 qui
807 2864 910 2920 lusserit
927 2865 961 2920 ad
979 2877 1081 2938 rayetas
1099 2863 1142 2920 uel
1160 2881 1206 2936 par
1223 2875 1250 2918 et
1262 2863 1355 2934 dispas.
1367 2861 1412 2918 uel

248 2952 328 3008 listas
347 2953 390 3007 uel
408 2954 441 3007 ad
460 2953 576 3025 aliquem
594 2952 678 3008 alium
697 2952 798 3008 ludum.
809 2965 918 3026 excepto
930 2953 963 3007 ad
976 2951 1077 3008 tabulas
1095 2965 1122 3008 et
1139 2952 1239 3008 scachis
1250 2952 1278 3006 in
1292 2951 1411 3024 platheis.

248 3041 335 3096 soluat
352 3057 400 3112 pro
418 3040 536 3112 quolibet
554 3053 581 3096 et
597 3041 716 3113 qualibet
734 3041 792 3096 uice
809 3041 858 3096 sol.
878 3041 996 3113 quinque
1015 3057 1056 3113 pp.

288 3195 344 3250 177·
363 3182 432 3237 ltem
449 3193 576 3236 statutum
594 3181 724 3252 estquod
742 3181 829 3251 aliqua
859 3197 971 3252 persona
998 3198 1053 3236 non
1072 3181 1165 3236 debeat
1182 3181 1244 3234 dare
1262 3181 1350 3235 bibere
1369 3180 1411 3234 uel

249 3269 388 3323 comedere
405 3267 535 3323 auxilium
554 3267 597 3322 uel
612 3268 744 3338 Juuanem
763 3269 841 3322 alicui
860 3269 970 3324 bannito
989 3269 1111 3322 comunis
1129 3268 1235 3340 bugelle
1252 3270 1303 3338 (3).
1322 3268 1411 3340 etqui

249 3369 317 3410 stare
335 3356 486 3427 permiserit
500 3356 542 3410 uel
560 3357 665 3412 duxerit
681 3373 772 3410 secum
790 3357 907 3427 aliquem
926 3357 1065 3410 bannitum
1078 3357 1200 3410 comunis
1212 3367 1239 3410 et
1250 3355 1412 3426 intelligatur

249 3455 304 3497 tam
323 3443 356 3498 de
373 3443 449 3497 vxori
467 3443 528 3498 tiliis
540 3446 612 3498 etde
625 3443 733 3498 familia.
751 3445 785 3498 Et
797 3443 843 3498 ille
860 3444 906 3514 qui
925 3444 1025 3499 dederit
1034 3444 1073 3497 eis
1085 3443 1198 3498 domum
1215 3443 1249 3496 ad
1268 3443 1359 3497 fictum
1377 3455 1413 3497 te·

250 3545 346 3586 nentur
363 3547 409 3584 eos
427 3531 556 3601 erpellere
574 3529 642 3584 infra
661 3531 721 3585 Vlll
740 3532 795 3586 dies
808 3545 947 3602 postquam
961 3531 998 3586 eis
1010 3532 1195 3585 denuntiatum
1209 3529 1340 3600 iueritper
1351 3545 1412 3584 con·

249 3619 319 3672 sulas
336 3631 364 3671 et
382 3629 506 3671 tenentur
523 3617 556 3670 ed
574 3617 688 3672 debeant
699 3617 802 3672 soluere
814 3619 836 3672 si
848 3635 895 3672 eos
908 3635 963 3672 non
976 3618 1125 3688 expulerint
1136 3617 1203 3672 inira
1217 3617 1362 3672 terminum
1374 3617 1412 3670 eis

250 3707 400 3776 asignntum
418 3703 510 3758 omnia
528 3705 616 3758 banna
627 3721 679 3775 que
692 3703 798 3760 haberet
811 3707 936 3759 bannitus
954 3717 980 3760 et
998 3706 1019 3760 si
1038 3707 1135 3760 domus
1147 3717 1214 3759 esset
1226 3706 1327 3758 banniti
1340 3705 1411 3776 quod

250 3793 372 3848 consulet
389 3807 451 3846 cum
470 3791 522 3845 illis
540 3792 573 3844 de
591 3791 720 3846 conscilio
737 3805 764 3846 et
781 3793 938 3846 officialibus
957 3805 1095 3846 teneantur
1113 3793 1151 3846 ire
1168 3793 1201 3846 nd
1220 3793 1331 3848 domum
1350 3793 1413 3846 ban·

250 3881 299 3936 niti
317 3893 344 3936 et
361 3891 494 3952 asportare
512 3879 599 3934 hostia
618 3879 655 3932 ita
672 3879 744 3950 quod
763 3879 790 3933 in
809 3897 840 3934 ea
858 3897 913 3934 non
932 3882 1014 3952 possit
1031 3881 1127 3951 aliquis
1145 3879 1269 3935 babitare
1288 3881 1322 3934 Et
1338 3881 1411 3952 quod

250 3967 355 4024 nullum
374 3967 458 4040 possit
475 3967 589 4039 allegare
607 3967 786 4039 ignorantiam
805 3967 856 4037 (3).
874 3968 908 4023 Et
925 3969 971 4040 qui
989 3967 1171 4024 cannaleoerit
1188 3967 1275 4024 soluat
1293 3969 1411 4024 bannum

287 4144 307 4248 ii
332 4145 349 4196 Ι)
363 4141 570 4238 {l‘ffifflffi
578 4151 641 4236 dii}
647 4140 712 4236 milax
723 4203 743 4234 ππ
757 4192 800 4234 xl„

286 4251 307 4354 ii
322 4249 343 4353 ii
365 4249 636 4356 &gerwalum
651 4298 696 4342 dila
710 4299 794 4342 almo.

304 4403 385 4450 sunu.
401 4425 424 4438 -
442 4417 460 4449 π.
