3918 5554
1408 562 1457 616 253

327 688 369 739 24.
388 674 456 728 Item
468 673 541 745 quod
553 673 647 727 omnia
657 673 744 726 banne
756 673 784 726 in
796 672 892 744 quibus
903 671 999 741 aliquis
1011 671 1045 726 de
1057 669 1181 742 eollegio
1194 669 1332 724 incurrerit
1343 669 1458 724 debetnt

292 760 396 816 absolui
415 772 441 814 et
459 761 569 831 juclioeri
588 777 634 832 per
651 759 783 816 Consules
801 771 828 814 et
845 775 892 831 per
908 769 1023 830 quatuor
1033 757 1100 812 ulios
1113 757 1146 814 de
1158 757 1230 813 dicto
1243 755 1367 830 Collegio
1378 773 1457 830 super

290 849 343 904 hoc
362 847 467 902 electos

327 1039 369 1094 25·
388 1025 456 1078 Item
474 1022 587 1095 quodsi
605 1023 665 1095 quIs
683 1023 717 1077 de
735 1022 806 1078 dicto
825 1022 950 1095 Collegio
967 1021 1045 1078 fuerit
1063 1034 1135 1076 extra
1153 1034 1249 1078 terrem
1273 1021 1384 1093 liugelle
1402 1037 1457 1078 non

291 1123 412 1168 teneatur
429 1113 569 1166 obseruare
587 1111 702 1182 predIctn
720 1121 816 1166 statuta
834 1111 951 1182 Excepto
969 1111 1003 1164 de
1020 1110 1155 1166 sotietate.

326 1288 368 1343 26.
388 1287 459 1344 Item
478 1287 550 1360 quod
568 1286 664 1359 aliquis
682 1286 728 1358 qui
746 1286 780 1341 sit
798 1287 831 1340 de
849 1285 921 1341 dicto
939 1286 1063 1358 Collegio
1081 1301 1138 1340 non
1156 1287 1249 1340 debent
1261 1303 1310 1340 nec
1323 1299 1458 1358 presumat

288 1377 375 1430 dicere
392 1392 442 1429 nec
460 1374 545 1429 fucere
562 1374 679 1446 aliquam
697 1374 823 1446 iniuriam
841 1374 920 1429 nlicui
939 1375 1051 1430 Consuli
1082 1374 1125 1429 uel
1153 1374 1281 1429 Sentitori
1309 1373 1458 1428 exercendo

288 1463 407 1518 officium
426 1461 551 1534 Collegij.
577 1463 611 1516 Et
637 1463 684 1534 qui
711 1461 893 1517 contrafecerit
921 1463 1008 1517 solunt
1026 1479 1074 1534 pro
1092 1463 1209 1537 qunlibet
1226 1463 1286 1518 uice
1303 1461 1404 1518 solidos
1422 1461 1457 1516 II.

288 1551 454 1623 papiensium
471 1551 517 1622 qui
535 1551 648 1606 debeant
665 1549 736 1622 exigi
754 1549 822 1605 Infrn
840 1549 898 1606 xv.
917 1551 974 1606 dies
992 1552 1136 1622 proximos.

324 1739 366 1794 27.
384 1725 453 1778 Item
471 1725 543 1796 quod
561 1724 651 1780 nullus
668 1736 752 1780 sartor
769 1726 802 1779 de
820 1725 892 1780 dicto
910 1725 1036 1797 Collegio
1053 1726 1147 1780 debent
1164 1726 1226 1782 dare
1244 1725 1362 1780 laborem
1375 1725 1456 1780 alicui

287 1812 386 1866 forensi
406 1813 473 1866 ultra
492 1812 567 1867 VIII.
586 1813 642 1868 dies
660 1813 745 1868 donec
763 1813 890 1885 iurauerit
914 1813 1077 1868 Consulibus
1101 1813 1215 1884 Collegij
1245 1813 1403 1868 saluimtem.
1423 1814 1457 1868 Et

288 1901 334 1973 qui
352 1899 534 1956 contrafecerit
551 1900 639 1956 solunt
656 1917 704 1972 pro
726 1901 845 1973 quolibet
863 1913 889 1956 et
907 1901 1024 1974 qualibet
1042 1902 1109 1968 uice,
1127 1900 1227 1956 solidos
1245 1901 1278 1955 V.

325 2079 367 2132 28.
385 2077 454 2132 Item
472 2079 544 2150 quod
563 2077 695 2132 Consules
722 2079 785 2133 dicti
813 2078 929 2151 Collegi}
961 2091 1101 2134 tenantur
1119 2078 1203 2134 fecere
1221 2079 1331 2151 judicari
1361 2079 1455 2134 omnin

292 2167 379 2220 bnnnn
398 2183 492 2221 eorum
510 2167 543 2220 de
562 2166 644 2222 nibus
662 2167 797 2222 mensibus
815 2167 843 2222 in
862 2167 952 2224 tribus

325 2340 366 2396 29.
386 2325 600 2380 itemstntutum
628 2337 667 2380 est
694 2325 766 2396 quod
793 2324 883 2380 nullus
909 2337 994 2382 sartor
1019 2327 1113 2382 debent
1140 2327 1254 2399 recipere
1281 2325 1404 2382 decanos
1422 2328 1456 2380 de

288 2413 446 2468 vendicione
465 2429 615 2484 pannorum
634 2413 883 2469 recomendntorum
909 2430 925 2468 a
957 2413 1083 2486 dmpnrijs
1110 2416 1159 2470 sub
1189 2415 1278 2470 benuo
1307 2413 1455 2470 solidorum

292 2501 408 2557 duorum
426 2501 600 2573 papiensium

325 2675 365 2730 qo
384 2660 452 2715 Item
470 2672 599 2716 statutum
617 2673 656 2716 est
674 2661 747 2732 quod
765 2661 787 2715 si
806 2677 874 2716 mus
891 2662 1066 2718 nccussnuerit
1094 2661 1207 2717 alterum
1231 2661 1304 2734 quod
1323 2661 1456 2718 Consule

286 2761 425 2804 teneantur
436 2747 520 2802 facere
529 2765 591 2804 eum
603 2750 698 2819 jurare.
710 2749 744 2804 Et
755 2749 777 2804 si
786 2749 902 2805 noluerit
913 2751 985 2822 quod
998 2767 1054 2804 non
1064 2751 1170 2824 recipiat
1180 2767 1240 2806 enm
1250 2767 1296 2822 pet
1307 2767 1453 2806 acconam.

328 2922 367 2976 3¹·
386 2907 454 2960 Item
473 2907 546 2978 quod
564 2906 675 2978 quilibet
692 2907 786 2960 debent
804 2917 907 2978 portare
925 2923 1003 2962 suum
1023 2905 1138 2960 Cereum
1157 2907 1317 2978 suaproprit
1330 2907 1454 2962 manuari

287 3007 408 3048 sanctum
427 2993 593 3065 Stephanum
611 2994 663 3048 nisi
682 2995 789 3048 hubert-t
808 2994 946 3048 licenciam
965 2994 1008 3048 uel
1028 2995 1124 3048 iustam
1152 3011 1258 3049 causam
1287 3007 1315 3050 et
1340 3011 1397 3050 esse
1425 2997 1453 3050 io

288 3081 354 3136 festo
372 3095 399 3136 et
416 3081 498 3136 offere
516 3084 565 3137 sub
584 3083 673 3136 banuo
690 3083 838 3136 solidorum
856 3082 889 3137 11.
908 3081 1082 3154 papiensium.

325 3256 364 3310 32.
384 3241 451 3295 Item
469 3241 542 3312 quod
560 3239 671 3312 quilibet
689 3253 837 3295 accusemus
856 3243 949 3295 debeat
967 3239 1051 3295 lncere
1069 3257 1145 3295 sunm
1176 3239 1359 3296 defensionem
1386 3241 1454 3296 iufra

287 3325 348 3384 XV.
368 3329 423 3383 dies
442 3329 513 3399 prius
531 3329 670 3382 accordnto
689 3329 777 3384 banno
795 3341 822 3382 et
839 3345 895 3382 non
914 3328 1022 3383 vlterius
1040 3328 1190 3382 ascultetur.
1208 3329 1243 3383 Et
1260 3329 1307 3402 qui
1325 3345 1381 3384 non
1405 3346 1451 3384 ac-

286 3417 403 3471 cenderit
421 3433 500 3471 suum
519 3415 634 3471 Cereum
653 3415 681 3470 iu
700 3415 791 3471 Placio
809 3416 895 3472 soluat
914 3417 1033 3471 bnnnmn
1051 3417 1198 3472 solidorum
1216 3417 1249 3472 IL

325 3591 365 3645 33.
385 3575 455 3630 Item
474 3587 602 3629 statutum
621 3588 660 3628 est
678 3576 749 3646 quod
768 3575 879 3648 quilibet
897 3575 1022 3647 Magister
1040 3588 1159 3631 tencatur
1177 3578 1267 3632 vestire
1284 3577 1317 3632 ad
1340 3579 1452 3634 domum

286 3662 472 3736 defunctorum
490 3663 523 3715 de
542 3661 690 3716 sartoribus
709 3663 742 3716 Et
760 3664 806 3735 qui
825 3679 880 3718 non
899 3678 977 3718 erum
994 3665 1102 3735 quaudo
1120 3681 1215 3736 corpus
1245 3667 1390 3735 portabitur
1419 3667 1451 3720 nd

287 3751 432 3804 Ecclesiam
451 3749 557 3803 solunnt
575 3767 622 3820 pro
641 3751 760 3820 quolibet
778 3763 804 3805 et
822 3751 938 3824 qualibet
957 3753 1015 3806 uice
1025 3752 1124 3806 solidos
1134 3751 1165 3806 V.
1177 3753 1351 3824 pnpiensium.
1365 3753 1398 3809 Et
1407 3755 1452 3826 qui

287 3855 342 3892 non
362 3839 411 3892 erit
428 3839 461 3892 ad
480 3839 592 3892 domum
606 3839 687 3909 ipsius
704 3838 791 3894 soluat
809 3839 926 3894 solidum
944 3840 964 3894 1.
984 3841 1149 3912 pupiensIum
1168 3852 1194 3894 et
1212 3843 1284 3912 quod
1297 3859 1351 3898 non
1363 3843 1453 3898 linteis

289 3927 384 3998 grncin

324 4101 364 4156 34,
382 4085 449 4140 Item
469 4086 540 4156 quod
560 4087 670 4158 quilibet
689 4089 814 4158 magister
832 4087 876 4142 uel
895 4089 928 4144 de
947 4088 1071 4160 collegio
1090 4101 1209 4144 tenentur
1227 4101 1253 4144 et
1271 4089 1365 4144 debeat
1382 4107 1450 4146 cou-

285 4175 360 4230 tinue
378 4187 467 4228 tenere
486 4175 600 4228 Cere-um
620 4177 691 4246 quod
711 4177 744 4231 sit
761 4177 794 4230 ad
813 4177 903 4232 mInus
921 4179 955 4234 de
973 4179 1060 4232 media
1079 4177 1144 4232 libro
1172 4191 1200 4234 et
1228 4195 1332 4249 semper
1358 4177 1452 4234 debent

286 4275 389 4332 portare
407 4263 440 4316 nd
459 4262 603 4328 CaIauern,
622 4265 654 4318 Et
673 4265 718 4334 qui
738 4264 919 4321 contrafecerit
938 4283 985 4338 pro
1003 4267 1122 4338 quolibet
1134 4267 1285 4338 etqualibet
1298 4267 1356 4320 uice
1365 4267 1451 4322 soluat

286 4351 385 4404 solidos
404 4350 435 4403 II.
455 4351 627 4421 papiensium.
