3918 5554
1382 556 1433 614 ²73

270 659 380 734 Bngelle
398 679 414 716 a
433 662 510 718 Festo
528 677 605 734 pesce
622 661 820 718 resurrectionis
832 677 916 734 usque
934 663 967 718 nd
985 662 1082 718 festum
1100 663 1184 718 saneti
1202 663 1318 720 Martini.
1337 663 1371 720 Et
1388 665 1434 737 qui

270 749 452 806 contrafecerit
469 749 556 806 solunt
574 767 622 823 pro
640 749 760 825 quolibet
777 763 804 807 et
821 751 939 824 quelibet
956 751 1015 808 uice
1033 751 1133 808 solidos
1151 751 1184 806 V.
1203 753 1377 824 papiensium.
1401 753 1435 809 Et

270 837 382 911 quilibet
400 839 482 910 possit
500 855 629 894 accusare.

305 997 348 1052 28.
367 998 434 1052 Item
452 1009 581 1054 statutum
599 1009 639 1054 est
656 1000 728 1072 quod
747 999 858 1072 quilibet
876 999 1009 1055 becmrim
1020 999 1114 1054 debeat
1124 997 1208 1054 fecere
1220 999 1356 1072 sequelam
1365 999 1436 1058 Con·

270 1085 371 1140 sufibus
389 1087 506 1141 beccurie
523 1087 552 1140 in
570 1087 643 1142 hunc
661 1088 774 1143 modum
792 1088 874 1153 Quod
893 1089 981 1158 jurent
998 1088 1032 1142 od
1050 1098 1139 1142 sancta
1156 1087 1200 1142 dei
1220 1087 1435 1160 cunegundem

270 1173 380 1228 forciam
398 1186 426 1229 et
443 1175 570 1230 uirtutem
588 1175 751 1230 Consulibus
768 1176 840 1248 quod
853 1175 955 1247 possint
966 1191 994 1230 se
1007 1175 1108 1230 saluere
1120 1176 1153 1230 de
1162 1191 1256 1230 eorum
1264 1178 1435 1232 memmentis

269 1273 296 1314 et
313 1263 352 1332 jre
370 1262 404 1317 sd
422 1262 575 1318 Consilium
593 1263 694 1318 tociens
711 1263 839 1335 quociens
857 1263 954 1318 fuerint
972 1264 1089 1336 requisiti
1108 1263 1136 1318 in
1155 1263 1227 1318 dicto
1246 1263 1370 1320 Consilio
1400 1265 1434 1320 Et

270 1351 332 1404 dnre
350 1363 376 1404 et
394 1351 532 1406 consulere
549 1350 692 1406 consilium
710 1353 782 1424 quod
800 1351 839 1406 eis
856 1353 989 1407 uidebitur
1006 1352 1095 1408 utilius
1104 1365 1131 1408 et
1143 1351 1239 1408 melius
1251 1369 1299 1424 pro
1309 1353 1435 1408 &mune

271 1439 386 1493 beccrrie
404 1451 430 1493 et
448 1439 586 1494 consulare
603 1438 677 1494 illud.
696 1439 730 1494 Et
747 1439 793 1511 qui
812 1440 930 1511 requisiti
942 1439 1039 1496 fuerint
1049 1441 1083 1496 sd
1095 1441 1215 1496 eundum
1227 1441 1299 1496 dicto
1311 1441 1435 1498 Consilio

270 1538 296 1581 et
314 1527 433 1581 steterint
450 1528 484 1581 ad
502 1527 621 1581 eundum
640 1527 673 1580 sd
694 1525 794 1581 dictum
814 1528 956 1583 consilinm
975 1545 1057 1600 vsque
1074 1529 1146 1600 quod
1175 1529 1278 1586 Consul
1305 1529 1434 1586 leuauerit

270 1613 313 1668 uel
332 1615 427 1669 dixerit
446 1615 655 1686 propositionem
673 1631 750 1670 suam
769 1614 864 1670 uelud
882 1615 983 1670 dictum
1002 1617 1144 1671 consilium
1162 1634 1218 1673 non
1237 1616 1319 1672 fuerit
1348 1617 1436 1674 soluat

271 1701 388 1756 monum
408 1717 455 1774 pro
473 1702 590 1774 quelibet
608 1702 666 1758 uice
685 1703 855 1757 denariorum
872 1702 934 1774 le.
962 1704 984 1758 si
1015 1719 1071 1758 non
1099 1704 1220 1759 habuerit
1251 1705 1389 1760 licenciam
1419 1723 1435 1760 a

270 1788 388 1844 Consule
406 1789 449 1844 uel
468 1789 590 1846 babuerit
607 1790 705 1845 inustam
722 1807 829 1846 causam
848 1803 874 1846 et
892 1790 1084 1848 defensionem
1103 1791 1185 1846 Snlno
1203 1793 1261 1863 jure
1279 1805 1305 1848 et
1331 1793 1435 1848 honore

271 1877 404 1932 Comunis
422 1877 540 1950 bugellc.

306 2034 347 2090 ²9·
366 2021 433 2074 Item
452 2031 580 2074 statutum
598 2029 637 2075 est
655 2021 726 2092 quod
746 2019 877 2075 Consules
895 2021 978 2076 ueteri
996 2021 1109 2076 debesnt
1126 2021 1225 2094 eligere
1242 2021 1435 2078 tresConsules

270 2108 393 2163 meliores
411 2123 478 2180 quos
496 2107 545 2178 ipsi
564 2107 716 2162 inuenerint
733 2125 780 2179 per
797 2108 868 2162 Vlll.
887 2108 943 2163 dies
960 2121 1023 2164 ante
1040 2107 1137 2164 lestum
1155 2111 1238 2166 sancti
1262 2110 1369 2166 Martini
1400 2112 1433 2165 nd

270 2195 453 2250 defensionem
473 2196 589 2250 beccerie
607 2207 633 2249 et
652 2195 692 2250 illi
711 2207 850 2252 tenantur
868 2213 914 2268 per
931 2213 1026 2252 eorum
1043 2209 1247 2254 sacramentum.

308 2356 581 2425 30.1temstntutum
599 2355 728 2430 estquod
747 2353 879 2411 Consules
897 2355 986 2426 jurent
1013 2353 1098 2412 fecere
1124 2355 1293 2412 consulatum
1320 2373 1336 2412 s
1365 2357 1433 2413 festo

270 2445 352 2497 sancti
372 2443 478 2498 Memini
497 2443 610 2516 proximi
629 2443 763 2515 usquead
782 2459 865 2498 vnum
883 2459 985 2500 annum
1004 2443 1032 2498 in
1051 2445 1122 2498 bons
1140 2444 1192 2498 fide
1210 2458 1237 2500 et
1253 2445 1311 2500 sine
1333 2445 1433 2500 fraude.

270 2531 303 2584 Et
321 2548 415 2586 eorum
433 2543 628 2586 sacramentum
647 2543 686 2585 est
704 2531 773 2586 istud
792 2531 875 2597 Quod
893 2531 944 2602 ipsi
962 2531 1093 2588 Consules
1111 2533 1225 2590 debesnt
1241 2532 1382 2588 defendere
1395 2550 1432 2588 m-

269 2619 372 2673 tionem
391 2619 508 2674 becmrie
525 2619 559 2673 Et
575 2618 722 2690 spetialiter
740 2631 810 2674 curte
828 2617 996 2692 priuilegisti.

306 2775 432 2845 31.1tem
451 2787 579 2830 statutum
597 2777 727 2848 estquod
746 2776 877 2832 Consules
896 2789 1035 2834 tenesntur
1052 2796 1099 2850 per
1116 2793 1211 2834 eonem
1238 2791 1433 2836 sacramentum

269 2879 368 2935 ponere
385 2864 414 2917 in
433 2863 501 2918 libro
518 2864 611 2917 omnis
631 2865 726 2930 banna,
744 2877 864 2920 accusem
881 2865 920 2920 eis
938 2879 964 2920 et
982 2866 1076 2921 omnis
1095 2869 1181 2922 banna
1199 2869 1233 2922 de
1250 2883 1345 2922 eorum
1371 2885 1432 2938 pre-

268 2951 349 3022 ceptis
367 2963 393 3006 et
415 2951 508 3005 omnis
526 2963 628 3022 recepte
646 2951 680 3006 Et
698 2952 731 3005 de
749 2952 802 3006 hoc
819 2951 922 3008 nullum
941 2953 1042 3024 possint
1059 2953 1144 3008 fecem
1155 2955 1276 3025 grstism
1288 2954 1322 3010 Et
1331 2955 1365 3010 de
1376 2965 1434 3010 toto

270 3041 377 3094 reddere
395 3040 526 3094 rationem
545 3037 670 3110 Collegio
688 3039 813 3094 beterris.

307 3229 347 3284 32.
367 3214 437 3269 Item
456 3226 583 3268 statutum
601 3215 730 3286 estquod
749 3215 770 3268 si
789 3213 848 3285 quis
867 3213 981 3270 uoluerit
1000 3213 1084 3270 facem
1102 3216 1219 3288 aliquem
1248 3217 1432 3275 defensionem

269 3303 302 3356 de
320 3303 412 3373 aliquo
428 3303 518 3357 benno
537 3303 630 3356 debent
648 3319 707 3356 enm
727 3301 810 3357 faeere
828 3301 895 3358 infm
924 3301 985 3358 XV.
1012 3305 1069 3358 dies
1099 3317 1239 3377 postquam
1266 3307 1431 3364 snordsuerit

269 3391 396 3444 bannum.
416 3389 544 3460 Alioquin
564 3405 620 3444 non
638 3390 839 3462 responderetur
856 3391 890 3445 ei.

307 3579 347 3634 33.
366 3565 434 3620 Item
452 3565 525 3638 quod
543 3565 674 3621 Consules
692 3577 831 3622 teneantur
849 3567 1430 3640 bisinnnnofncerejudiesrebnnnneomm.

306 3757 346 3812 34.
365 3742 433 3798 Item
452 3753 579 3798 sumtum
598 3755 637 3796 est
655 3743 727 3812 quod
745 3743 828 3815 siquis
845 3743 923 3798 fuerit
941 3743 1039 3799 efectus
1057 3745 1159 3800 Consul
1179 3745 1221 3802 uel
1240 3747 1357 3802 sindicus
1375 3761 1430 3802 non

267 3831 349 3902 possit
367 3829 479 3886 refutare
497 3847 546 3886 nec
564 3847 612 3902 pro
630 3843 794 3886 sacramento
812 3847 862 3886 net
880 3847 927 3903 pro
945 3833 1034 3904 aliqua
1051 3831 1213 3888 defensione.
1241 3835 1274 3889 Et
1303 3835 1356 3890 hoc
1382 3835 1431 3890 sub

267 3935 334 3990 pens
353 3918 501 3974 solidorum
519 3918 613 3992 viginti
633 3919 798 3992 papiensium
817 3919 850 3974 Et
868 3933 957 3992 postes
976 3921 1009 3974 sit
1027 3920 1138 3976 Consul.

306 4107 345 4162 33.
364 4093 432 4146 Item
451 4093 523 4164 quod
533 4093 582 4164 ipsi
592 4092 723 4148 Consules
741 4093 854 4150 debesnt
873 4094 970 4150 hebere
988 4111 1036 4167 pro
1054 4111 1148 4152 eorum
1159 4095 1254 4152 salario
1266 4095 1366 4153 solidos
1375 4097 1431 4154 xi„

268 4181 434 4252 papiensium
452 4181 486 4236 Et
504 4181 635 4238 Consules
652 4193 792 4238 tenennntr
808 4182 907 4254 eligere
924 4182 1087 4240 Claustium.

319 4353 476 4400 Suu-t·
1355 4361 1379 4402 t!
