3918 5554
509 463 561 536 236

509 588 567 656 plus
584 591 617 642 ad
636 590 692 643 eius
712 589 884 644 uoluntatem.
904 589 959 643 Sub
982 591 1071 644 banno
1089 589 1236 645 solidorum
1255 589 1287 644 lc
1307 589 1480 661 papiensium.
1494 590 1675 644 Erilludidem

512 674 587 730 faciet
606 678 633 730 in
653 678 791 730 natiuitate
809 677 922 731 domini.

511 852 540 918 5.
565 833 614 900 De
638 855 705 900 non
728 833 866 902 emendo
890 834 1074 922 Qrbonem
1097 856 1156 924 pro
1172 857 1238 924 quo
1254 834 1367 924 aliquis
1383 834 1530 902 ferrarius
1542 835 1681 904 dedisset

554 961 667 1006 etrum.

547 1046 615 1098 Item
634 1047 706 1116 quod
725 1044 815 1098 nullus
834 1046 971 1099 Ferrarius
989 1047 1085 1100 debeat
1103 1063 1151 1099 nec
1170 1046 1252 1116 possit
1272 1063 1361 1100 emere
1388 1046 1540 1100 Carbonem
1569 1049 1598 1100 in
1625 1064 1680 1118 quo

510 1134 603 1202 aliquis
623 1133 753 1186 Ferrarius
772 1135 805 1187 de
823 1133 932 1204 Bugella
951 1135 1068 1188 dedisset
1086 1151 1171 1187 enam
1191 1133 1233 1186 uel
1253 1134 1413 1204 spalmasset.
1426 1135 1459 1188 Iit
1468 1136 1520 1188 hoc
1529 1137 1578 1188 sub
1590 1137 1680 1188 banno

510 1222 657 1276 solidorum
675 1222 726 1275 XX
744 1223 909 1293 papiensium
928 1223 961 1276 Et
979 1235 1100 1276 teneatur
1119 1223 1250 1276 Ferrarius
1268 1223 1292 1275 ci
1312 1223 1423 1276 soluisse
1441 1223 1508 1276 infra
1535 1237 1597 1277 octo
1624 1223 1680 1277 dies

511 1310 543 1362 Et
561 1309 645 1363 εεὶαιῃ
665 1311 775 1364 buscum
794 1310 827 1363 ad
846 1309 997 1364 faciendum
1022 1309 1182 1364 Carbonem.

512 1471 541 1536 6.
565 1468 666 1550 Quod
689 1467 801 1557 aliquis
825 1469 984 1536 Ferrarius
999 1491 1067 1536 non
1081 1485 1227 1536 teneatur
1239 1491 1350 1558 capere
1365 1468 1503 1559 aliquem
1510 1467 1680 1537 desentem

555 1575 609 1661 qui
632 1591 729 1640 staret
752 1597 824 1640 cum
848 1573 911 1641 alio
934 1573 1075 1642 ferrari0.

546 1681 615 1734 Item
635 1679 707 1751 quod
726 1679 814 1732 nullus
833 1679 964 1733 Ferrarius
982 1681 1015 1734 de
1033 1679 1084 1734 isto
1103 1679 1218 1750 paratico
1237 1680 1330 1734 debeat
1349 1697 1397 1734 nec
1416 1681 1498 1750 possit
1516 1697 1608 1750 capere
1627 1679 1679 1732 ali·

510 1785 590 1838 quem
609 1768 749 1820 desentem
768 1768 800 1820 ad
819 1768 943 1820 standum
962 1784 1052 1822 secum
1070 1769 1115 1838 qui
1134 1781 1213 1820 staret
1231 1784 1292 1821 cum
1311 1767 1401 1838 aliquo
1415 1767 1479 1837 ⁸alio
1507 1766 1615 1820 ferrario
1644 1767 1678 1820 de

512 1859 562 1909 isto
581 1857 696 1926 paratico
715 1857 800 1908 donec
819 1872 847 1909 se
865 1856 1066 1909 concordauerit
1084 1872 1146 1909 cum
1165 1855 1212 1908 illo
1231 1873 1293 1908 curn
1311 1873 1366 1926 quo
1384 1856 1504 1909 stetisset
1523 1855 1557 1910 Et
1567 1855 1619 1908 hoc
1631 1856 1680 1909 sub

511 1947 600 1998 banno
618 1944 764 1996 solidorum
783 1943 849 1998 xxa
864 1938 1029 2015 papiensium
1049 1961 1096 2015 pro
1114 1944 1231 2014 qualibet
1248 1945 1315 1998 uice.
1334 1944 1367 1996 Et
1387 1945 1476 1997 banno
1505 1943 1594 1998 soluto
1622 1959 1677 1996 non

512 2033 606 2086 debeat
625 2033 700 2084 illum
720 2049 810 2084 secum
829 2032 963 2086 dimittere
981 2046 1049 2086 stare
1067 2033 1124 2085 siue
1142 2049 1297 2102 permanere
1316 2049 1364 2084 nec
1383 2033 1408 2084 ei
1426 2033 1490 2085 dari.

548 2207 572 2259 7.
592 2191 658 2243 Item
677 2191 748 2260 quod
768 2191 789 2242 si
808 2191 903 2260 aliquis
923 2191 1053 2243 Ferrarius
1072 2191 1104 2244 de
1124 2190 1196 2244 dicto
1207 2191 1323 2259 paratico
1335 2191 1367 2242 ab
1380 2189 1432 2242 hoc
1445 2189 1534 2243 seculo
1545 2189 1681 2242 decederet

511 2281 583 2350 quod
602 2280 645 2349 alij
667 2279 774 2348 Ferrarii
794 2291 934 2331 teneantur
951 2291 977 2331 et
996 2280 1108 2332 debeant
1126 2279 1164 2348 jre
1182 2279 1214 2330 ad
1234 2278 1384 2331 faciendum
1404 2278 1428 2330 ei
1446 2279 1579 2331 honorem
1598 2277 1681 2330 etde

512 2369 590 2419 beant
608 2367 719 2436 quilibet
736 2367 799 2419 dare
816 2366 955 2419 denarium
974 2383 1056 2420 vnum
1076 2379 1101 2419 et
1120 2383 1216 2435 panem
1229 2383 1312 2418 vnum
1323 2381 1370 2436 pro
1383 2365 1530 2430 consorcio,
1541 2366 1568 2417 in
1583 2365 1681 2428 banno,

514 2456 663 2510 solidorum
680 2457 723 2524 (1)
743 2494 856 2508 .....
871 2455 1044 2525 papiensium.

514 2616 545 2681 8.
568 2614 618 2680 De
645 2612 791 2680 dorente.

549 2721 617 2774 ltem
634 2720 707 2791 quod
725 2718 815 2772 nullus
833 2718 964 2772 Ferrarius
983 2719 1076 2772 debeat
1095 2733 1188 2788 capere
1207 2718 1324 2789 aliquem
1343 2718 1485 2772 desentem
1504 2719 1537 2773 ad
1558 2718 1682 2772 standum

512 2826 611 2863 secum.
631 2809 664 2862 Et
682 2808 734 2860 hoc
752 2808 801 2860 sub
820 2808 909 2860 banno
928 2806 1075 2860 solidorum
1093 2808 1186 2860 decent
1215 2808 1380 2876 papiensium
1408 2807 1459 2861 nisi
1488 2809 1521 2860 de
1548 2807 1682 2878 presencia

513 2897 639 2952 Consulis
658 2895 836 2950 Ferratiorum
856 2895 923 2949 infra
942 2907 1004 2950 octo
1022 2896 1086 2948 dies.

514 3079 545 3144 9.
569 3055 670 3139 Quod
691 3055 805 3145 aliquis
828 3076 896 3122 non
918 3055 1022 3142 possit
1044 3075 1080 3121 se
1103 3052 1206 3122 facere
1240 3056 1382 3122 excusari
1416 3053 1456 3122 ad
1489 3053 1683 3142 portandum

558 3161 707 3230 Cereum.

548 3269 617 3322 Item
635 3279 763 3321 statutum
781 3278 807 3319 et
825 3237 978 3320 ordinatum
996 3277 1035 3318 est
1054 3265 1136 3329 Quod
1155 3265 1266 3336 quilibet
1279 3265 1477 3336 paterfamilias
1498 3265 1619 3320 ferrarius
1640 3266 1684 3319 de·

514 3357 573 3411 beat
592 3356 676 3410 facere
694 3367 720 3408 et
737 3367 841 3425 portare
859 3353 974 3408 Cereum
993 3353 1021 3406 in
1040 3353 1186 3407 Natiuitate
1217 3355 1329 3408 domini.
1357 3353 1391 3407 Et
1420 3355 1493 3425 quod
1519 3369 1576 3407 non
1602 3354 1684 3424 possit

514 3446 631 3498 excusari
650 3462 695 3515 per
713 3442 830 3512 aliquam
849 3457 997 3512 personam,
1015 3440 1049 3493 Et
1067 3441 1113 3511 qui
1131 3441 1313 3495 contrafecerit
1331 3441 1417 3495 soluat
1436 3441 1555 3494 bannum
1578 3439 1682 3494 solido-

515 3550 575 3587 rum
594 3533 627 3587 V.
647 3531 821 3603 papiensium

554 3705 593 3745 10.
615 3691 682 3746 Item
700 3700 829 3743 statutum
847 3698 873 3741 et
891 3687 1044 3741 ordinatum
1062 3699 1101 3740 est
1119 3687 1191 3758 quod
1210 3687 1262 3742 hoc
1281 3687 1326 3742 fiat
1350 3687 1469 3758 precisse

520 3870 570 3915 11.
594 3849 643 3915 De
666 3869 733 3914 non
756 3845 908 3935 ponendo
926 3846 1050 3938 ignem.

551 3955 622 4010 Item
640 3965 768 4007 statutum
787 3965 826 4006 est
843 3953 916 4023 quod
934 3952 1024 4006 nullus
1042 3953 1136 4006 debeat
1153 3967 1252 4020 ponere
1270 3951 1363 4021 ignem
1383 3949 1412 4004 in
1431 3949 1501 4004 dicta
1518 3949 1562 4004 die
1580 3949 1607 4001 in
1626 3945 1690 4002 Ca-'

518 4043 571 4113 pite
589 4041 708 4106 alicuius,
727 4040 760 4096 Et
778 4041 823 4112 qui
842 4039 1024 4094 contrafecerit
1041 4040 1127 4094 soluat
1144 4041 1263 4093 bannum
1285 4037 1433 4093 solidorum
1460 4038 1553 4091 decem
1580 4037 1686 4108 papien·

517 4131 588 4185 sium
606 4131 639 4184 Et
657 4146 713 4184 non
731 4129 813 4201 possit
831 4128 887 4182 fieri
902 4130 997 4200 gracia.

545 4307 573 4359 (t)
587 4306 655 4346 Locus
669 4317 754 4346 vacum.
