3978 5546
533 459 549 506 2

532 587 652 630 accusata
671 575 740 629 iuste
758 574 865 646 capietis
883 587 910 628 et
929 575 1120 630 rationabiliter
1146 575 1192 630 illa
1210 591 1272 630 cum
1291 575 1419 630 conscilio
1437 575 1587 647 aliquorum
1606 576 1706 647 sapien-

532 675 622 720 tontnt
641 665 675 718 de
694 663 837 718 Credentia
861 663 1017 736 judicabitis
1044 665 1162 736 predicto
1191 663 1311 718 Comuni
1329 677 1356 718 et
1373 663 1481 718 cuilibet
1499 681 1611 736 persone
1629 682 1705 720 suam

532 751 665 808 iusticiam
685 765 880 808 conseruantes.
901 753 1004 808 Omnia
1021 753 1118 808 banna
1137 751 1219 807 fodra.
1239 751 1307 806 licta.
1327 753 1405 806 datin
1425 763 1451 806 et
1476 753 1598 807 collectas
1625 753 1707 826 ipsius

533 843 667 896 Comunis
685 839 817 912 colligetis
835 855 862 896 et
879 843 1022 896 excucietis
1041 855 1068 896 et
1087 841 1241 912 Clauigerio
1260 841 1458 912 consignabitis,
1476 840 1525 894 illo
1552 841 1706 913 Clauigerio

532 929 648 986 habente
667 931 760 985 omnia
778 931 873 1002 scripta
892 943 918 986 et
946 931 1002 985 Vos
1020 929 1143 984 similiter
1169 929 1288 984 habeatis
1315 929 1417 983 Omnia
1444 925 1489 984 illa
1507 947 1560 1000 que
1577 929 1707 1002 recipietis

531 1019 732 1088 consignabitis,
751 1031 778 1072 et
792 1017 862 1090 Jnde
880 1019 979 1073 bonam
999 1020 1130 1073 rationem
1149 1019 1183 1073 de
1200 1018 1283 1072 tn'bus
1301 1017 1329 1070 in
1343 1017 1426 1070 nibus
1438 1018 1586 1072 menssibus
1597 1019 1630 1072 ad
1639 1035 1707 1088 opus

532 1121 558 1162 et
578 1106 720 1161 utilitatem
738 1105 872 1162 Comunis
891 1105 991 1162 facietis
1009 1107 1060 1162 nisi
1079 1107 1113 1161 de
1131 1105 1270 1160 uoluntate
1287 1106 1420 1160 credentie
1446 1106 1607 1160 remanserit.
1626 1119 1653 1160 et
1670 1106 1708 1161 oi·

532 1195 620 1252 litium
640 1196 720 1250 uestri
739 1195 902 1250 Consulatus
920 1196 1075 1250 exercebitis
1093 1207 1119 1250 et
1137 1193 1245 1249 facietis
1264 1206 1291 1248 et
1309 1195 1456 1248 secundum
1468 1194 1636 1248 uoluntatem
1646 1195 1708 1250 Cre·

531 1285 723 1340 dentiatiorutn
743 1283 785 1338 uel
804 1283 914 1338 maioris
931 1285 1011 1356 partis
1030 1296 1056 1338 et
1074 1284 1107 1338 ad
1127 1301 1225 1352 eorum¹
1240 1295 1392 1356 preceptum
1411 1299 1461 1336 uos
1479 1283 1582 1354 regetis

568 1373 601 1430 Et
620 1373 669 1428 laec
688 1373 780 1428 omola
799 1385 826 1428 et
844 1371 949 1444 singula
969 1371 1110 1426 attendetis
1128 1385 1155 1428 et
1173 1371 1346 1426 obseruabitis
1365 1371 1435 1424 bona
1463 1369 1556 1426 linesi
1575 1371 1639 1426 deus
1658 1389 1707 1427 uos

532 1459 642 1517 adiuuet
660 1473 686 1516 et
705 1473 794 1515 sancta
813 1459 856 1514 dei
875 1461 1022 1532 euangelia.

569 1637 594 1678 2.
615 1622 668 1692 [ll]
689 1621 757 1676 ltcnt
777 1633 905 1675 statutum
933 1621 1063 1692 estquod
1082 1621 1214 1676 Consules
1234 1621 1335 1693 possint
1353 1633 1379 1674 et
1398 1621 1511 1674 debeant
1535 1620 1618 1676 lacere
1635 1622 1706 1676 iusti·

532 1711 601 1765 ciant
620 1723 647 1764 et
666 1709 797 1764 rationem
816 1711 850 1764 de
868 1709 988 1782 quolibet
1006 1711 1118 1764 homine
1137 1711 1171 1764 de
1189 1709 1299 1780 bugella
1319 1723 1345 1764 et
1363 1709 1492 1763 habitanti
1506 1709 1533 1763 in
1552 1711 1662 1781 Bugella
1680 1724 1706 1766 et

532 1799 641 1854 cuilibet
660 1798 705 1871 qui
725 1815 784 1854 eant
804 1797 912 1870 pecierit
930 1799 979 1853 sub
998 1799 1043 1852 eis.
1064 1811 1090 1852 et
1109 1815 1165 1852 non
1184 1815 1276 1869 capere
1292 1797 1471 1868 Judicaturant
1490 1799 1626 1852 decausis
1645 1815 1707 1854 con-

532 1887 641 1954 fessuris,
660 1901 700 1942 set
718 1888 751 1943 de
769 1888 873 1958 negatis
900 1899 927 1942 et
944 1889 1097 1942 contentatis
1125 1889 1262 1960 capiunto
1290 1887 1407 1959 qualibet
1434 1901 1506 1958 parte
1524 1887 1556 1942 ad
1575 1888 1705 1943 rationem

532 1977 704 2032 denariorum
734 1977 877 2030 duodecim
897 1993 944 2048 pro
964 1977 1038 2030 libra.
1068 1978 1102 2030 Et
1120 1993 1215 2031 onmes
1242 1977 1373 2030 surientie
1400 1990 1427 2031 et
1453 1978 1706 2048 condempnationes

531 2082 597 2138 quas
616 2065 724 2120 tulerint
742 2077 769 2120 et
787 2065 908 2120 desierint
926 2067 960 2120 de
979 2067 1036 2120 iure
1054 2068 1223 2120 attendentur
1242 2079 1268 2120 et
1288 2083 1328 2120 res
1346 2083 1411 2138 quas
1429 2066 1530 2120 dabunt
1548 2065 1592 2120 uel
1605 2067 1660 2125 dari
1673 2066 1707 2120 le·

534 2155 618 2208 cerint
636 2167 682 2207 aut
700 2153 823 2208 iusserint
842 2154 869 2206 in
889 2167 1050 2226 pagamento
1069 2153 1179 2210 firmiter
1196 2174 1229 2210 ex
1248 2169 1319 2225 parte
1337 2155 1460 2208 comunis
1486 2168 1708 2212 manuteneantur

532 2243 556 2296 ei
576 2243 618 2296 cui
637 2243 698 2296 date
711 2241 808 2296 suerint
827 2243 860 2296 de
875 2243 945 2312 Jure.
965 2243 997 2296 Et
1016 2244 1061 2314 qui
1081 2245 1108 2298 in
1129 2244 1219 2316 aliquo
1238 2243 1419 2298 contrafecerit
1432 2242 1518 2298 soluat
1531 2245 1706 2317 bannumpto

532 2331 651 2403 quolibet
669 2343 695 2386 et
713 2331 830 2402 qualibet
848 2331 906 2384 vice
924 2331 1072 2388 solidorum
1091 2333 1117 2388 X
1135 2350 1177 2404 pp.

571 2508 593 2562 3.
615 2491 682 2561 [llll
696 2491 762 2545 ltent
772 2503 900 2547 statutum
911 2505 949 2547 est
960 2494 1032 2566 quod
1042 2494 1134 2548 omnia
1145 2507 1264 2566 precepta
1274 2505 1301 2547 et
1310 2495 1397 2548 banna
1407 2495 1520 2564 inposita
1530 2511 1576 2566 per
1584 2495 1706 2549 consules

532 2581 656 2635 comunis
675 2579 718 2634 uel
738 2597 832 2635 eorum
852 2582 964 2636 nuncios
983 2583 1051 2636 iuste
1069 2595 1096 2638 et
1114 2583 1304 2638 rationabiliter
1322 2581 1389 2636 lacta
1402 2582 1704 2638 firmiterobseruentur.

568 2755 593 2806 a.
615 2739 693 2810 [llll]
714 2739 782 2794 Item
801 2753 929 2794 statutum
948 2745 1078 2814 estquod
1097 2743 1209 2814 quisque
1227 2743 1320 2796 consul
1349 2743 1444 2797 habeat
1471 2760 1518 2814 pro
1543 2761 1592 2799 suo
1610 2745 1705 2799 salario

532 2827 611 2882 libras
629 2827 653 2881 X
672 2845 714 2898 pp.
734 2840 760 2882 et
779 2828 908 2882 clauarius
928 2830 1005 2884 libras
1023 2831 1071 2884 Xll
1092 2849 1133 2902 pp.
1153 2845 1179 2884 et
1198 2833 1333 2886 Nottarius
1347 2832 1425 2885 libras
1438 2844 1489 2885 tres
1501 2833 1543 2902 (1)
1557 2850 1598 2904 pp.
1612 2845 1638 2886 et
1649 2851 1703 2888 non

532 2917 598 2988 plus.
618 2929 644 2969 et
662 2933 710 2987 pro
729 2915 776 2970 illo
795 2918 889 2972 salario
908 2920 1001 2972 debeat
1030 2922 1159 2974 nonarius
1186 2919 1270 2974 iacere
1297 2938 1392 2974 omnes
1422 2921 1560 2991 scripturas
1582 2923 1705 2976 comunis

532 3017 617 3076 preter
635 3016 717 3058 catus
736 3017 841 3060 testatas
859 3019 886 3060 et
904 3007 1002 3061 litteras
1021 3010 1165 3062 mandatas.
1186 3023 1212 3063 et
1230 3023 1298 3062 stare
1316 3010 1443 3062 continue
1456 3026 1517 3064 cunt
1537 3011 1652 3065 clauario
1671 3013 1704 3066 ad

531 3091 693 3162 erigendum
713 3095 800 3148 banna
819 3107 844 3148 et
863 3096 896 3149 ad
915 3094 1066 3150 faciendum
1085 3098 1136 3150 alia
1164 3099 1274 3169 negocia
1303 3099 1433 3152 comunis.
1462 3100 1512 3152 nisi
1532 3099 1659 3154 haberent
1677 3100 1706 3154 li·

530 3180 650 3236 cencium
668 3199 683 3234 a
701 3181 774 3234 dicto
792 3180 915 3238 clauatio.
935 3195 961 3237 et
980 3185 1031 3238 hoc
1050 3197 1190 3240 teneantur
1208 3192 1292 3240 lacere
1311 3205 1356 3257 per
1375 3205 1469 3242 eorum
1497 3203 1703 3246 sacramentum.

572 3375 592 3427 5.
614 3359 669 3427 [VJ
689 3357 756 3412 ltem
775 3371 904 3416 statutum
922 3375 961 3414 est
979 3365 1051 3434 quod
1070 3361 1181 3434 quilibet
1199 3365 1244 3436 qui
1263 3366 1375 3436 eligetur
1387 3367 1414 3420 in
1428 3368 1567 3422 consulatu
1579 3369 1613 3423 de
1631 3388 1704 3424 nouo

532 3459 652 3502 teneatur
671 3445 754 3501 facere
772 3465 855 3502 vnum
876 3450 978 3503 bonum
997 3453 1137 3521 prandium
1156 3455 1303 3506 secundum
1322 3455 1394 3524 quod
1413 3470 1571 3510 consuetum
1590 3471 1629 3512 est
1647 3459 1705 3512 aliis

531 3535 684 3589 consulibus
703 3537 835 3591 ueteribus
854 3551 880 3591 et
899 3539 978 3592 nouis
988 3551 1014 3592 et
1026 3539 1165 3596 Gastaldis.
1176 3555 1202 3594 et
1216 3543 1387 3596 seruitoribus
1400 3557 1426 3596 et
1439 3547 1559 3598 nottariis
1572 3559 1597 3600 et
1611 3547 1705 3602 electo·

531 3623 602 3677 ribus
620 3624 739 3694 ipsorum
758 3625 899 3680 consulum
919 3644 1002 3697 usque
1021 3629 1054 3682 ad
1073 3627 1169 3682 festum
1189 3643 1278 3684 sancte
1297 3632 1379 3685 Marie
1398 3633 1553 3688 candelarie.
1574 3649 1599 3689 et
1611 3638 1632 3690 si
1647 3655 1702 3690 non

531 3707 621 3764 fecerit
638 3712 731 3765 amitat
749 3725 836 3766 totum
855 3730 934 3767 suum
953 3715 1077 3770 salarium
1089 3718 1139 3786 (2).
1151 3730 1177 3770 et
1187 3717 1252 3772 vltra
1266 3719 1318 3773 hoc
1330 3722 1402 3790 quod
1422 3723 1471 3774 sub
1490 3740 1557 3792 pena
1578 3737 1603 3776 et
1615 3726 1703 3779 banno

531 3798 679 3852 solidorum
708 3798 755 3853 Lx
774 3817 815 3872 pp.
835 3813 861 3854 et
880 3801 1027 3857 solidorum
1047 3805 1097 3858 XX
1116 3822 1157 3876 pp.
1177 3823 1224 3876 pto
1243 3808 1359 3878 qualibet
1377 3811 1507 3864 edomada
1535 3828 1586 3881 qua
1605 3815 1704 3868 steterit

532 3885 599 3938 ultra
618 3887 763 3942 temtinum
782 3891 854 3962 quod
874 3907 929 3945 non
948 3890 1038 3946 lecerit
1056 3893 1156 3947 dictum
1176 3896 1324 3966 prandium.
1341 3897 1374 3950 de
1386 3914 1440 3969 quo
1453 3899 1564 3970 prandio
1576 3913 1603 3954 et
1615 3903 1704 3958 banno

531 3973 605 4028 nulla
623 3975 705 4044 possit
723 3973 779 4030 fieri
797 3977 889 4048 gratia.
908 3996 957 4033 nec
976 3980 1040 4051 poni
1058 3981 1089 4036 ln
1108 3983 1241 4038 medenda
1261 3983 1423 4054 permitatur.

560 4203 588 4256 (ι)
603 4202 707 4246 b'et'outn:
725 4203 782 4246 Tm.-
796 4215 898 4248 exaratum
913 4217 944 4248 est
959 4211 1032 4262 prioris
1047 4210 1112 4251 abrasi
1127 4214 1205 4253 nntneri
1220 4214 1275 4254 loco.

559 4275 586 4327 (a)
603 4273 669 4316 Verba
682 4276 744 4330 capit.
759 4289 811 4331 qnae
825 4277 978 4332 subsequuntur
991 4280 1096 4336 aliquanto
1111 4293 1158 4338 post
1172 4285 1241 4326 addua
1255 4285 1356 4328 violentur.
