3918 5554
501 479 553 536 288

605 603 635 658 F.
654 600 917 658 REPERTORIUM
936 601 1198 660 STATUTORUM
1210 599 1494 658 MASSARIORun
1513 601 1556 672 (1)

514 833 536 871 1.
554 816 594 870 De
609 817 721 870 electione
738 815 876 870 nomnium,

516 921 540 959 u.
560 906 598 958 De
615 906 712 958 ratione
729 903 851 957 reddenda
865 912 911 974 per
932 903 1049 958 consuler.

514 1010 539 1063 4.
559 992 633 1062 Quod
650 992 753 1064 quelibet
767 1000 874 1063 perrona
887 995 933 1062 'qm
945 992 1119 1063 steterthuprr
1126 991 1228 1063 potioria
1247 991 1295 1046 loci
1313 989 1407 1062 bugeiie
1421 990 1504 1046 {inim
1524 991 1610 1044 tenire
1629 989 1663 1043 ad

565 1081 704 1152 collegium.

512 1186 537 1238 4.
557 1170 631 1240 Quod
648 1169 751 1240 quelibet
764 1177 870 1241 persona
888 1183 934 1238 qne
952 1167 1057 1221 tenrnrit
1082 1176 1156 1239 snpn
1178 1167 1333 1222 territorium
1352 1167 1448 1239 togate
1465 1167 1538 1222 tone
1554 1164 1588 1218 ad
1617 1165 1659 1221 ia-

559 1257 699 1313 borandum
715 1258 749 1312 rit
765 1255 794 1310 de
811 1253 920 1325 collegia.

513 1363 538 1418 5.
560 1348 603 1401 Ue
620 1363 685 1401 cereo
699 1345 832 1418 portanda

511 1437 537 1491 6.
556 1437 595 1490 De
612 1434 692 1489 curado
709 1435 743 1488 aa
759 1435 861 1488 mirram
879 1433 907 1487 in
925 1433 965 1487 die
981 1435 1062 1490 sancti
1078 1434 1196 1506 stephani.

514 1538 538 1594 7.
557 1524 596 1578 De
613 1521 729 1578 soluendo
746 1521 896 1576 connititur.
1167 1580 1170 1591 ,

512 1610 538 1664 8.
557 1612 597 1665 Dr
613 1610 729 1665 soluendo
747 1609 844 1663 minam
862 1610 946 1664 sicaiie
962 1609 1113 1664 consulimus.

512 1715 537 1771 9.
556 1700 595 1753 De
611 1698 767 1755 muenendo
784 1715 841 1752 cum
859 1697 963 1751 tatano
975 1699 1028 1752 siue
1038 1697 1148 1769 sanum.

495 1804 534 1842 ιο.
554 1787 628 1857 Quod
645 1790 670 1842 si
686 1787 772 1842 warni
790 1804 841 1840 non
858 1787 954 1840 venerit
971 1785 1005 1839 ad
1022 1787 1152 1855 collegium
1170 1786 1251 1840 soluat
1270 1785 1389 1841 bannum

496 1893 531 1930 11.
550 1877 589 1930 De
607 1877 697 1930 bonore
708 1875 825 1946 jacienda
843 1876 965 1928 massario
984 1881 1090 1928 mortno.

493 1981 532 2018 12.
552 1965 591 2018 De
608 1963 687 2018 tunm
705 1963 738 2016 ad
755 1963 870 2017 cadauen

492 2069 531 2122 13·
551 2053 590 2106 De
602 2051 727 2125 portando
745 2051 778 2105 ai
795 2052 902 2106 cadauer
919 2067 1004 2106 cereas.

492 2157 531 2208 14.
550 2141 590 2195 De
603 2141 727 2214 portando
745 2140 871 2194 cadam

491 2245 531 2298 15.
549 2230 590 2284 16.
608 2230 647 2284 De
664 2229 817 2284 restitutione
833 2229 1033 2300 suppniiettiiium
1050 2229 1083 2282 ad
1101 2230 1277 2296 nmssareaium
1291 2230 1479 2301 pertinentium.

494 2333 533 2388 17.
552 2319 591 2372 De
608 2318 745 2371 obidientia
763 2316 889 2370 mandatis
906 2317 1044 2370 torosulum.

491 2405 531 2460 18.
551 2407 590 2460 De
607 2409 706 2460 iniuria
725 2405 831 2459 conracti.

490 2510 530 2564 19.
550 2495 588 2548 Da
605 2493 706 2549 dicendo
724 2495 752 2546 in
770 2494 880 2564 aoiiegio.

491 2597 534 2635 ao.
554 2582 593 2636 De
610 2581 738 2636 reruimdo
755 2581 784 2634 de
797 2581 916 2652 collegio.

491 2685 530 2723 ar.
548 2669 588 2723 De
605 2687 656 2724 non
674 2667 810 2724 laborando
826 2677 849 2723 et
866 2670 951 2724 deuote
967 2669 1110 2726 uteorum
1126 2670 1160 2724 ad
1171 2671 1266 2742 sertum
1292 2674 1373 2728 sancti
1394 2673 1505 2744 stephani
1521 2672 1550 2727 ie
1577 2691 1658 2728 mense

560 2759 671 2830 augusti.

492 2863 534 2902 22.
553 2847 594 2901 De
610 2847 719 2902 nnendo
736 2845 769 2900 ai
787 2849 889 2902 mirsam
905 2847 945 2902 die
962 2851 1043 2904 sancii
1059 2849 1177 2923 stepinni.

490 2952 540 3015 23.¹
552 2936 591 2990 De
609 2935 731 3008 offerendo
750 2953 816 2991 cereo
834 2935 873 2990 die
890 2939 971 2992 sanni
988 2938 1105 3010 stephani.

490 3041 533 3094 14.
553 3025 628 3094 Quoi
644 3025 683 3079 die
709 3027 789 3079 saneti
817 3024 928 3097 stephani
954 3027 1056 3098 quilibet
1075 3028 1212 3081 neasrarins
1223 3028 1306 3099 saciat
1317 3029 1412 3100 sertum
1429 3045 1485 3084 oum
1503 3029 1654 3085 coumiibus.
1753 3097 1758 3114 Ι

489 3128 531 3182 25·
551 3113 590 3166 De
606 3113 742 3168 obedientie
760 3113 885 3167 mandatis
902 3113 1032 3168 romulum
1049 3121 1071 3167 et
1089 3115 1194 3185 collegit.

490 3201 532 3255 26.
551 3203 590 3256 De
607 3201 720 3256 nectunt
736 3201 875 3258 romulum.

487 3305 529 3359 27.
549 3289 624 3358 Quod
640 3291 764 3362 comparip'
781 3291 909 3362 campanie
925 3297 947 3344 et
961 3290 1134 3362 plantatorum
1152 3291 1266 3346 obediant
1284 3293 1410 3347 inundatis
1428 3293 1567 3348 consutum.

489 3376 530 3430 28.
550 3377 589 3431 De
605 3379 783 3432 anniuersario
797 3387 846 3450 pro
863 3379 997 3432 animatus
1015 3381 1195 3434 rrursariornm
1213 3380 1394 3450 defunctorum.

488 3479 530 3536 29.
551 3466 625 3534 Quod
642 3466 753 3521 consules
770 3467 872 3538 exigant
887 3468 1039 3538 pertinentia
1058 3469 1164 3540 collegii.

486 3567 529 3620 3⁰·
549 3553 588 3606 De
605 3554 699 3608 salario
717 3554 854 3608 consutum.

485 3657 525 3710 51.
544 3641 583 3694 De
599 3642 758 3696 obseruantia
775 3648 933 3696 statutorum.

489 3745 532 3798 32.
551 3729 591 3783 De
608 3730 745 3802 recipiendo
763 3732 911 3785 iuramento.

485 3833 529 3886 33.
550 3817 589 3872 De
606 3819 680 3872 cereis
698 3817 843 3888 reficiendis.
