3978 5546
1429 503 1441 544 1

850 632 866 700 I

328 757 540 828 sautum
574 757 781 841 cortulus
816 755 1016 826 nunnius
1049 753 1345 848 [uccxtv]
1382 751 1441 822 nr

271 863 483 934 cotenon
528 863 856 935 nnnennronuu
902 863 1103 933 sucurre
1144 861 1203 932 nr
1242 859 1441 930 vennam

268 969 664 1066 [ucccxuvnt]
690 1011 731 1024 -
756 971 839 1040 eon.
864 969 1002 1042 utemur.

269 1165 307 1234 in
330 1167 464 1236 nomine
486 1167 622 1236 Domini
645 1168 746 1235 nostri
770 1165 880 1234 Yhtsu
904 1165 1025 1234 Christi
1047 1185 1151 1234 amen.

268 1273 366 1342 Anno
378 1273 549 1343 Dominice
560 1273 744 1344 Natiuitatis
757 1271 935 1342 Millerimo
944 1272 1178 1340 Ducentesimo
1191 1269 1440 1362 quadragesimo

313 1380 437 1471 quinto.
460 1379 622 1450 inditione
645 1397 766 1472 quarta.

269 1486 339 1556 Hec
361 1505 437 1556 sunt
459 1503 577 1556 statute
599 1505 631 1556 et
653 1485 875 1556 ordinamenta
898 1485 1057 1554 Comunis
1069 1482 1201 1574 Bugella
1217 1481 1300 1552 iacta
1321 1482 1362 1552 ad
1384 1483 1441 1552 bo·

313 1613 427 1662 norem
451 1591 503 1662 dei
526 1612 558 1662 et
580 1591 731 1662 Glorioso
753 1593 885 1682 virginis
898 1593 1011 1660 Marie.
1034 1608 1066 1658 et
1081 1590 1247 1659 beatomm
1264 1589 1391 1680 Eusebij
1409 1609 1441 1660 et

313 1697 477 1790 Stephani.
496 1699 609 1788 Jacobi
632 1715 664 1767 et
689 1701 835 1769 omnium
858 1715 1043 1767 sanctorum
1067 1699 1185 1788 pariter
1206 1719 1243 1766 ac
1258 1713 1439 1766 sanctarum

313 1803 375 1877 dei.
397 1823 429 1876 et
451 1805 641 1876 venerabilis
663 1809 698 1875 in
722 1805 854 1876 Christo
877 1807 974 1894 patris
998 1803 1123 1874 domini
1136 1803 1287 1894 Episcopi
1313 1804 1441 1874 Vercel-

313 1909 420 1980 leusis.
444 1931 477 1982 et
499 1909 658 1982 Comunis
681 1935 718 1982 ac
739 1913 954 1982 uniuersitatis
978 1909 1119 2002 bugella.
1136 1926 1168 1980 et
1190 1909 1232 1980 ad
1254 1909 1438 2000 ipsiusCo·

311 2019 420 2088 ntunis
431 2018 554 2088 bonnm
566 2037 685 2088 statum
696 2017 864 2110 pacificum
875 2036 907 2088 et
918 2020 1072 2110 quietum.
1086 2041 1148 2110 que
1160 2035 1277 2087 stamta
1288 2017 1437 2086 homines

312 2123 489 2194 habitentes
513 2127 546 2194 in
570 2125 700 2216 Bugella
723 2125 840 2194 debent
863 2123 996 2194 firmiter
1007 2125 1188 2194 obseruare.
1201 2123 1233 2193 ei
1246 2145 1309 2216 que
1322 2141 1439 2192 statuta

309 2233 414 2322 posita
437 2251 512 2300 sunt
535 2232 593 2310 sub
617 2233 711 2304 certis
735 2231 867 2301 rubricis
891 2251 922 2301 et
945 2233 1089 2324 signatis.

748 2445 959 2460 ᾙ

748 2461 959 2474 ψ

631 2659 679 2714 nn
698 2657 931 2714 consuamus
951 2689 982 2699 -
1003 2659 1034 2712 n.
1053 2659 1073 2713 1.
1118 2631 1134 2638 “

305 2853 325 2890 a.
347 2833 388 2910 [1.]
408 2837 451 2906 (ι)
472 2835 500 2888 ln
521 2835 612 2907 primis
630 2847 758 2889 statutum
777 2847 803 2888 et
821 2835 973 2890 ordinatum
993 2849 1031 2890 est
1046 2837 1118 2908 quod
1131 2836 1207 2890 omni
1220 2853 1292 2890 anno
1306 2837 1436 2907 usquead

265 2923 361 2979 lectum
380 2937 532 2978 sanctorum
551 2923 678 2996 symonis
696 2937 723 2978 et
737 2923 805 2996 Jude
824 2923 956 2994 eligantur
973 2937 1087 2997 quamor
1100 2925 1231 2980 Consules
1243 2941 1358 2996 quorum
1368 2941 1436 2980 mus

264 3013 298 3070 sit
317 3013 456 3068 Clanarius
475 3013 607 3068 Comunis
624 3013 657 3068 ad
682 3011 849 3068 uoluntatem
878 3013 1121 3068 Credentiariorum
1149 3013 1192 3068 uei
1221 3013 1329 3068 maioris
1357 3015 1436 3085 partis

265 3103 382 3174 ipsorum
401 3101 458 3158 siue
477 3101 622 3173 spetialiter
638 3103 671 3156 ad
685 3102 736 3156 hoc
749 3101 903 3156 electorum.
917 3101 962 3174 qui
972 3101 1064 3174 Jurent
1076 3103 1104 3156 in
1117 3101 1195 3176 plena
1207 3103 1348 3158 Credentia
1358 3119 1436 3176 super

263 3190 374 3246 statutis.
394 3201 420 3246 et
438 3191 506 3244 sicut
524 3189 552 3244 in
572 3189 736 3262 infrascripto
755 3190 937 3245 sacramentali
969 3207 1014 3262 per
1031 3191 1124 3246 omnia
1143 3190 1247 3265 plenius
1275 3192 1433 3246 continetur.

264 3267 346 3344 Quod
367 3279 555 3336 sacramentale
574 3279 611 3333 sic
629 3279 700 3334 dicit.
720 3279 775 3334 l'os
790 3279 914 3352 Jumbitis
933 3281 965 3334 ad
984 3291 1073 3334 sancta
1092 3280 1134 3334 dei
1153 3279 1301 3352 euangelia,
1310 3281 1382 3352 quod
1401 3283 1435 3334 ab

264 3369 314 3423 isto
334 3367 400 3422 sesto
418 3368 500 3422 sancti
521 3369 626 3422 Martini
637 3369 760 3440 proximo
771 3371 896 3440 usquead
907 3387 990 3422 vnum
1006 3387 1108 3423 annum
1118 3369 1281 3441 completum
1291 3385 1338 3442 pro
1349 3383 1434 3424 vestro

264 3473 340 3528 posse
358 3455 494 3510 minabitis
512 3467 538 3511 et
556 3457 709 3511 custodietis
728 3470 754 3511 et
773 3459 979 3513 manutenebitis
997 3458 1146 3528 (ecclesiam
1160 3457 1242 3512 sancti
1256 3457 1361 3527 Eusebij
1373 3457 1436 3511 Ver·

262 3545 383 3600 ailensis
404 3559 431 3600 et
449 3545 531 3618 ipsius
550 3547 710 3617 Episcopum
729 3547 768 3616 et)
787 3547 831 3616 (ι)
849 3563 944 3601 omnes
962 3547 1078 3601 rationes
1096 3547 1196 3600 etium
1218 3559 1244 3600 et
1261 3547 1434 3601 honorentias

263 3635 357 3706 (ipsius
375 3635 577 3702 conseruabitis)
597 3636 640 3706 (2)
657 3647 684 3690 et
702 3636 806 3706 regetis,
819 3647 845 3689 et
857 3635 1010 3690 custodietis
1024 3653 1118 3689 omnes
1131 3635 1263 3700 homines,
1273 3649 1299 3690 et
1309 3637 1434 3692 Coniune

264 3721 373 3794 bugelle
391 3735 446 3777 tam
465 3721 596 3777 Masculos
615 3741 696 3796 quam
715 3723 828 3778 maiores
847 3736 873 3778 et
902 3725 1027 3788 minores,
1046 3735 1072 3778 et
1093 3741 1188 3778 omnes
1216 3741 1255 3778 res
1275 3725 1389 3780 rationes
1408 3737 1434 3782 et

261 3813 318 3866 iura
336 3825 363 3866 et
381 3813 464 3866 bonas
482 3812 689 3866 consuetudines
707 3813 826 3883 ipsorum
846 3829 927 3884 quam
942 3812 1037 3866 melius
1047 3825 1073 3866 et
1087 3811 1177 3866 utilius
1191 3813 1316 3883 poteritis.
1329 3815 1433 3870 Omnes

262 3899 387 3954 officiales
405 3915 473 3974 quos
491 3899 594 3972 eligetis
613 3901 717 3971 ponetis
734 3917 816 3972 quant
835 3900 958 3956 meliores
977 3913 1003 3956 et
1021 3901 1139 3955 utiliores
1152 3895 1270 3974 poteritis
1288 3903 1434 3976 quemlibet

261 3991 290 4044 in
309 4005 358 4044 suo
376 3987 462 4044 offitio
481 3989 514 4043 ad
533 3989 635 4044 bonum
654 4001 680 4044 et
699 3989 840 4044 utilitatem
860 3989 967 4059 predicti
987 3989 1127 4044 Comunis.
1142 3989 1244 4044 Omnia
1257 3993 1344 4046 banna
1357 3993 1433 4048 uobis

289 4203 316 4254 ta)
332 4203 470 4244 Romanorum
484 4203 562 4242 annueri
577 4215 588 4242 ι
602 4215 647 4258 sap.
656 4201 672 4244 i.
681 4201 705 4242 ad
721 4201 889 4243 tullinum
899 4205 919 4243 in
934 4203 1005 4244 codiee
1019 4213 1039 4244 et
1053 4205 1161 4258 posteriori
1176 4217 1227 4245 aero
1242 4205 1316 4259 scripta
1331 4205 1432 4245 videntur.

288 4275 315 4324 (a)
330 4272 399 4315 &rint
413 4273 480 4314 deleta
494 4273 550 4314 tom
565 4273 633 4322 verba,
657 4287 708 4328 quae
724 4275 828 4324 interiet-ta
849 4275 964 4328 parenthesi
986 4275 1134 4316 vercellensem
1157 4275 1283 4330 Episcopum
1305 4279 1431 4330 respiciam

260 4357 314 4386 nnnc
329 4343 417 4400 bgitnr:
432 4344 457 4386 ii
470 4345 610 4385 munditie
623 4357 686 4386 anua
698 4347 780 4386 rm
791 4351 808 4386 ei
818 4347 861 4398 iau
875 4353 893 4386 ar
904 4346 1021 4386 mma
1034 4346 1071 4386 leri
1085 4347 1158 4400 niqra
1170 4355 1188 4387 α
1200 4351 1298 4402 ψει...

314 4451 397 4496 sonu.
414 4473 436 4484 -
455 4463 473 4494 ι.
1371 4465 1378 4496 ι
