3918 5554
1370 565 1422 622 249

255 675 327 748 legio
344 674 471 746 placuerit
488 673 628 746 recipiatur
645 689 707 728 curn
725 673 780 728 suis
798 673 938 728 heredibus
957 671 1114 728 maseulisa
1145 689 1173 726 se
1204 673 1423 728 descendentibus

256 764 423 818 obseruando
441 774 537 817 statuta
555 774 582 816 et
600 773 720 834 precepta
738 762 801 816 dieti
814 762 928 834 Collegij
942 774 969 816 et
981 763 1162 834 promittendo
1174 778 1220 833 per
1231 759 1423 816 cartamlacere

255 852 355 906 attendi
372 863 399 906 et
417 851 552 907 obseruari
571 849 691 906 iratribus
710 863 736 904 ct
754 849 855 904 familie
872 851 894 904 si
913 867 993 921 quam
1013 851 1093 905 habet
1125 850 1275 904 dummodo
1304 848 1424 904 steterint

256 940 336 994 simul
354 940 388 994 ad
406 955 490 994 vnum
508 938 609 1010 ignem,
628 955 726 1010 panem
744 951 771 992 et
789 939 883 992 vinum
902 955 958 992 non
983 938 1061 992 diuisi
1092 937 1135 992 uel
1165 936 1275 992 soluerit
1305 937 1423 992 bannum

256 1045 304 1098 pro
322 1045 370 1084 ets.

294 1201 334 1255 54.
353 1187 421 1242 item
439 1186 511 1259 quod
529 1185 619 1240 nullus
637 1185 791 1256 Calegnrius
810 1186 891 1255 possit
910 1197 998 1257 petere
1016 1183 1132 1256 aliquam
1145 1184 1261 1254 graciam
1274 1199 1322 1254 pro
1334 1183 1425 1254 aliquo

257 1289 349 1330 contra
366 1287 494 1330 statutum
512 1275 716 1346 suprascriptum
735 1275 791 1328 Sub
808 1291 876 1344 pena
894 1285 920 1328 et
940 1275 1028 1329 banno
1040 1273 1187 1326 solidorum
1200 1271 1424 1342 XXpapiensium

257 1381 305 1434 pro
323 1365 442 1436 quolibet
460 1365 493 1419 Et
511 1365 564 1420 hoo
581 1366 615 1420 de
634 1363 686 1434 jllis
704 1363 750 1435 qui
769 1363 904 1418 noluerint
921 1363 1018 1416 intrare
1036 1361 1065 1416 in
1085 1361 1210 1431 Collegio
1233 1360 1416 1432 suprascripto.

296 1539 335 1593 55.
354 1523 420 1578 Item
440 1523 647 1578 meliornuerunt
665 1521 802 1594 Sapientes
820 1521 1022 1612 quod-quilibet
1039 1521 1082 1576 cui
1101 1533 1253 1592 preceptum
1266 1519 1344 1574 fuerit
1353 1521 1425 1592 quod

259 1623 345 1682 portet
362 1610 470 1682 aliquod
489 1627 584 1682 corpus
602 1622 723 1664 tenentur
740 1611 828 1681 ipsum
847 1621 958 1680 portare,
977 1609 1033 1664 Sub
1051 1611 1140 1664 banno
1158 1607 1306 1663 solidorum
1325 1607 1358 1672 V,
1377 1625 1425 1678 pn·

258 1699 391 1768 pienslum
410 1699 517 1770 quando
536 1697 667 1752 Consules
680 1697 843 1768 proruperint
860 1697 906 1752 eis

297 1857 336 1924 56.
356 1857 422 1910 Item
442 1857 649 1912 meliornuerunt
660 1857 797 1927 Sapientes
810 1857 924 1928 Collegij
936 1857 1008 1929 quod
1021 1873 1069 1928 pro
1083 1867 1203 1928 tempore
1215 1855 1304 1910 lutum
1316 1856 1429 1911 semitot

259 1957 378 1998 tenentur
395 1943 521 2015 colligere
539 1944 717 2000 Consortium
737 1961 784 2016 pro
802 1945 922 2016 quolibet
939 1960 1057 2016 corpore.
1077 1945 1110 1998 Et
1129 1943 1374 2016 quodCalegarius
1392 1956 1429 1997 te·

260 2045 352 2086 nentur
370 2033 473 2088 soluere
492 2033 668 2088 Consortium
688 2033 737 2087 sub
755 2035 845 2088 banno
863 2033 1012 2088 solidomm
1032 2031 1065 2104 IJ.

297 2207 337 2261 57.
356 2191 424 2246 Item
443 2203 571 2246 statutum
588 2203 628 2245 est
646 2191 718 2262 quod
736 2192 829 2246 omnia
848 2193 935 2246 banna
946 2202 1065 2246 areumta
1077 2201 1104 2244 et
1117 2190 1231 2260 judicata
1241 2207 1287 2262 pm
1297 2188 1429 2244 Consules

260 2291 286 2332 et
305 2296 350 2349 per
368 2279 505 2350 Sapientes
523 2278 586 2333 dicti
605 2279 719 2350 Collegij
740 2279 853 2333 debeant
870 2295 927 2334 esse
945 2295 993 2350 pro
1011 2279 1112 2333 duabus
1131 2279 1249 2349 partibus
1268 2277 1382 2347 Collegij
1403 2289 1430 2331 et

262 2367 312 2421 alin
330 2367 410 2422 tercia
428 2383 487 2438 pars
505 2367 620 2438 Clauarij
641 2381 667 2422 et
686 2367 845 2422 Consulum.

300 2527 339 2594 58.
358 2527 426 2581 Item
445 2539 572 2581 statutum
591 2539 630 2580 est
648 2528 720 2598 quod
740 2526 851 2598 quilibet
870 2525 1024 2598 Calegnrius
1042 2525 1152 2597 bugelle
1170 2537 1325 2582 teneamret
1336 2525 1430 2581 debeat

262 2617 303 2684 jre
322 2615 349 2668 in
374 2614 440 2668 sesto
459 2615 541 2668 sancti
560 2619 611 2668 ursl
630 2631 692 2668 cum
712 2615 837 2670 Clnuario
855 2627 881 2670 et
899 2615 1062 2670 Consulibus
1079 2615 1112 2668 ad
1143 2613 1293 2669 laciendum
1324 2613 1430 2678 festum,

264 2703 314 2755 nisi
333 2703 441 2756 haberet
459 2702 626 2772 legiptimum
644 2719 759 2770 causam,
778 2704 812 2758 Et
829 2703 875 2775 qui
893 2702 1076 2758 oontraleeerit
1093 2701 1181 2758 soluat
1198 2702 1298 2757 solidos
1316 2701 1349 2756 lt
1381 2719 1429 2772 pa·

264 2807 406 2862 prensrum.

300 2966 340 3023 59.
359 2951 427 3005 ltem
445 2963 591 3007 sntuerunt
609 2963 636 3006 et
662 2952 853 3006 ordinnuerunt
882 2949 1049 3022 suprascripti
1076 2949 1208 3022 Cslegarii
1239 2951 1312 3022 quod
1342 2951 1432 3007 nuilus

262 3039 417 3110 Calegarius
435 3041 468 3093 de
487 3039 596 3112 Bugella
615 3041 710 3094 audeat
729 3039 771 3094 uel
791 3052 924 3110 presumat
942 3051 1046 3112 portare
1064 3055 1114 3094 nec
1132 3038 1230 3110 portari
1254 3038 1338 3094 faeere
1369 3055 1432 3094 suos

263 3127 424 3182 subtellares
444 3129 494 3198 (ι).

297 3287 341 3340 60.
359 3287 428 3340 ltem
446 3298 593 3342 statuerunt
610 3299 636 3342 et
655 3287 846 3342 ordinnuerunt
864 3287 936 3358 quod
955 3285 1044 3340 nullus
1075 3285 1229 3358 Calugarius
1258 3287 1292 3340 dc
1322 3285 1432 3358 bugella

263 3375 358 3428 audeat
376 3391 425 3428 nec
443 3385 576 3446 presumat
594 3391 682 3430 emere
702 3391 751 3430 nec
770 3375 824 3430 emi
843 3373 927 3428 lacere
941 3374 968 3428 in
979 3375 1023 3428 die
1034 3375 1169 3429 dominica
1182 3389 1230 3428 nec
1243 3374 1359 3446 aliquem
1372 3390 1433 3428 eon·

263 3475 376 3516 nactum
396 3461 479 3516 lacere
497 3464 531 3517 de
549 3461 636 3534 aliqua
655 3479 682 3517 re
700 3480 752 3535 que
771 3463 899 3534 pertineat
917 3463 950 3516 ad
968 3461 1088 3516 officium
1107 3463 1245 3532 Cala-garis
1263 3478 1344 3534 prope
1375 3463 1431 3517 liu·

263 3550 361 3620 gellam
381 3569 426 3622 per
444 3551 503 3616 vn,
521 3551 643 3615 miliaria,
661 3553 710 3605 sub
729 3569 796 3622 pena
815 3551 963 3605 solidorum
982 3549 1047 3612 XX,
1066 3551 1241 3621 papiensium,
1260 3552 1292 3605 Et
1323 3551 1433 3622 quilibet

264 3651 385 3692 teneatur
403 3656 546 3709 persuum
564 3652 767 3704 sacramentum,
786 3639 868 3694 Saluo
887 3653 976 3694 tamen
995 3639 1067 3710 quod
1086 3638 1197 3710 quilibet
1216 3641 1297 3711 possit
1321 3641 1434 3692 uendere

264 3727 426 3782 subtellares.

300 3885 343 3942 61.
363 3887 430 3943 ltem
448 3888 639 3944 ordinauerunt
658 3901 684 3942 et
702 3899 848 3943 statuemnt
861 3889 933 3959 quod
952 3887 1042 3942 nullus
1060 3889 1156 3942 audeat
1173 3903 1222 3941 ner
1235 3897 1368 3958 presumat
1377 3887 1436 3940 reti·

268 3991 331 4028 nere
349 3977 455 4031 retinen
474 3976 558 4030 lacere
576 3977 604 4029 in
623 3978 706 4032 domo
724 3993 771 4030 sua
790 3993 838 4031 ner
857 3976 920 4030 alibi
938 3975 1038 4047 aliquas
1056 3993 1097 4030 res
1115 3993 1167 4046 que
1180 3973 1435 4046 pertineantadolii·

266 4061 338 4118 cium
357 4063 496 4134 Calegarie
515 4063 542 4118 in
561 4064 605 4118 die
623 4064 758 4119 dominica
777 4065 826 4118 sub
845 4081 912 4136 pena
931 4061 1078 4119 solidomm
1091 4063 1123 4118 lt
1136 4079 1184 4134 pro
1197 4063 1313 4135 qualibet
1326 4062 1393 4126 uice,
1403 4062 1436 4116 Et

267 4153 379 4222 quilibet
397 4165 517 4208 tenentur
535 4171 581 4224 per
599 4170 678 4208 suum
703 4164 906 4208 sacramentum.

295 4383 323 4434 (ι)
338 4379 439 4422 Stetutunt
453 4381 493 4423 hoe
507 4391 628 4434 expunmnm
644 4382 691 4429 luit,
706 4391 726 4422 et
742 4383 761 4420 in
776 4382 820 4420 eius
836 4383 925 4434 margine
940 4382 1037 4434 uripturn
1052 4391 1090 4420 est:
1108 4379 1215 4424 cunm.
