3926 5542
567 509 619 561 208

566 630 721 685 Anthonius
738 645 862 684 suranna
880 641 906 682 et
933 629 1059 700 georgius
1085 629 1119 682 de
1146 641 1217 682 turre
1243 628 1336 682 Petrus
1363 629 1396 681 de
1414 626 1530 682 raxolate
1559 627 1734 700 hieronymus

567 718 633 772 secia
652 717 793 772 franciscus
812 717 913 788 Tarditj
934 729 960 771 et
978 717 1065 772 nicola
1084 718 1117 770 de
1135 717 1230 788 quinto
1249 717 1340 770 medio
1358 733 1452 770 eorum
1471 727 1497 769 et
1509 715 1648 770 cuiuslibet
1665 717 1734 788 ipso-

566 825 625 861 rum
637 809 788 878 juramento
797 807 873 860 tactis
883 805 1053 877 corporaliter
1065 805 1199 876 scripturis
1211 805 1240 858 in
1253 805 1376 858 manitus
1389 822 1452 876 mey
1465 805 1560 875 notarij
1576 804 1733 876 infrascripti

566 907 660 965 sponte
678 895 786 965 prestito
805 897 960 966 jurauerunt
977 893 1058 948 fuisse
1076 905 1102 948 et
1120 910 1176 946 esse
1194 911 1255 946 vera
1274 893 1364 964 anue
1394 893 1529 946 attendere
1547 905 1574 946 et
1592 895 1734 948 obseruare

566 983 633 1036 velle
651 985 700 1036 sub
718 995 847 1054 yppoteca
865 995 892 1036 et
912 983 1082 1052 obligatione
1100 982 1225 1036 omnium
1243 998 1337 1036 eorum
1356 996 1382 1034 et
1400 981 1540 1035 cuiuslibet
1552 981 1679 1052 ipsorum'
1690 984 1736 1036 bo-

566 1087 663 1124 norum
682 1071 843 1142 presentium
862 1083 889 1124 et
906 1070 1057 1124 futurorum
1076 1069 1295 1141 Reileetioneque
1325 1071 1487 1124 damnorum
1514 1087 1688 1140 expensarum
1707 1085 1734 1126 et

567 1159 690 1212 interesse
709 1159 762 1211 litis
780 1171 806 1212 et
824 1171 896 1212 extra
915 1158 1152 1212 interuenientibus
1171 1159 1416 1212 renunciationibus
1434 1169 1461 1212 et
1479 1157 1538 1229 alijs
1565 1158 1688 1212 clausulis
1706 1171 1733 1212 et

566 1246 685 1300 cautellis
704 1247 733 1300 in
751 1247 882 1299 similibus
901 1247 996 1299 debitis
1021 1259 1048 1299 et
1066 1247 1222 1316 opportunis
1241 1247 1376 1316 Rogantes
1394 1247 1428 1300 de
1446 1246 1579 1316 premissis
1597 1245 1733 1316 publicum

567 1335 622 1388 lieri
640 1335 850 1388 instrumentum
869 1351 914 1404 per
932 1351 977 1387 me
995 1335 1179 1404 subsignatum
1199 1336 1333 1388 notarium
1352 1334 1515 1404 presentibus
1527 1334 1688 1404 hieronymo
1700 1335 1733 1387 de

566 1423 648 1492 bayro
666 1433 695 1474 et
710 1420 838 1474 francisco
857 1421 890 1474 de
910 1422 982 1475 bono
1001 1421 1162 1475 lohannono
1181 1422 1246 1475 alias
1274 1423 1391 1492 gillenga
1420 1423 1453 1474 de
1481 1420 1586 1490 bugella
1604 1422 1734 1474 ambobus

566 1511 675 1563 testibus
692 1521 719 1563 et
737 1509 908 1562 seruitoribus
926 1509 988 1562 dicti
1008 1509 1092 1578 colegj
1113 1510 1146 1562 ad
1167 1511 1293 1579 premissa
1312 1509 1457 1562 asttntibus
1474 1509 1574 1562 vocatis
1587 1519 1614 1562 et
1626 1509 1732 1579 rogatis

601 1685 644 1750 46.
655 1687 737 1740 Anno
749 1685 853 1738 domini
867 1686 1011 1739 millesimo
1023 1684 1240 1758 quingentesimo
1251 1685 1473 1757 quinquagesimo
1482 1697 1557 1738 sexto
1566 1697 1593 1738 et
1602 1683 1645 1738 die
1657 1686 1733 1740 tertia

567 1773 665 1826 mensis
684 1775 837 1826 nouembris
856 1774 1014 1827 Conuocato
1032 1786 1059 1826 et
1077 1787 1240 1844 congregato
1254 1772 1368 1844 collegio
1381 1773 1555 1826 dominorum
1567 1773 1733 1828 noeriorum

567 1862 672 1932 bugelle
684 1873 711 1914 vt
724 1863 806 1915 moris
817 1876 856 1914 est
874 1879 952 1932 super
971 1863 1068 1932 palatio
1087 1863 1220 1914 Comunis
1232 1862 1352 1914 eiusdem
1371 1860 1422 1914 loci
1441 1861 1474 1914 de
1493 1861 1620 1914 mandato
1628 1861 1733 1916 domini

568 1951 674 2002 Andree
692 1951 725 2003 de
743 1951 844 2020 gromis
862 1951 978 2002 consulis
998 1963 1024 2002 tt
1043 1950 1188 2002 ricardiuus
1207 1949 1342 2002 monde-lla
1372 1949 1484 2002 seruitor
1513 1949 1611 2013 retulit,
1629 1949 1660 2002 lu
1678 1965 1733 2020 quo

565 2038 674 2107 quidem
693 2038 798 2108 colegio
816 2039 1017 2090 interuenerunt
1036 2037 1139 2090 domini
1159 2037 1269 2089 andreas
1300 2037 1333 2089 de
1360 2037 1462 2106 gromis
1481 2035 1575 2090 consul
1594 2037 1681 2090 nicola
1700 2039 1733 2091 de

564 2126 659 2196 quinto
678 2126 816 2179 moschion
836 2127 869 2179 de
887 2127 984 2194 Spinis.
998 2125 1131 2178 lohannes
1144 2125 1244 2193 Gasper
1257 2125 1394 2177 bertodani
1408 2123 1608 2178 bartholomeus
1620 2123 1732 2188 villanis,

566 2214 698 2266 lohannes
717 2214 871 2267 Autlronius
889 2213 971 2266 cauda
990 2212 1131 2265 franciscus
1149 2213 1238 2265 scallia
1257 2225 1344 2281 petrus
1371 2213 1404 2265 de
1431 2211 1535 2265 cutellis
1561 2213 1681 2265 sedentes
1699 2214 1732 2266 ab

565 2317 619 2354 vno
638 2301 717 2354 latere
736 2301 827 2370 palacii
848 2301 951 2354 domiui
965 2301 1090 2370 georgius
1102 2300 1135 2352 de
1148 2300 1249 2368 gromis
1263 2300 1388 2353 dontinus
1401 2301 1522 2369 temengi
1535 2300 1687 2354 Ludouicus
1698 2301 1731 2354 de

566 2389 716 2441 bertodanis
734 2401 760 2440 et
779 2405 830 2456 ego
849 2387 993 2456 gullelmus
1012 2387 1077 2440 secia
1096 2389 1263 2456 subsignatus
1281 2387 1314 2439 Et
1332 2387 1433 2441 ibidem
1457 2387 1629 2443 reformatum
1648 2402 1675 2442 et
1692 2405 1732 2442 or-

565 2475 686 2528 dinatum
706 2474 754 2528 fuit
772 2476 844 2544 quod
863 2475 1006 2543 elligantur
1025 2474 1146 2528 consules
1159 2474 1231 2543 annii
1248 2477 1368 2544 proxime
1380 2476 1483 2529 venturi
1497 2489 1523 2530 et
1536 2478 1583 2547 qui
1598 2478 1665 2530 datis
1678 2479 1733 2531 bre·

566 2564 643 2616 uibus
661 2575 690 2615 ut
708 2563 791 2615 moris
809 2575 848 2616 est
866 2562 973 2615 fuerunt
991 2579 1036 2631 per
1054 2563 1180 2615 habentes
1200 2563 1289 2616 breuia
1302 2563 1389 2615 ellecti
1402 2564 1429 2616 in
1443 2564 1566 2617 consules
1578 2565 1681 2618 domini
1695 2565 1732 2618 ni-

565 2649 622 2702 cola
641 2651 674 2702 de
692 2651 786 2719 quinto
805 2663 831 2703 et
850 2651 1003 2703 Ludouicus
1022 2651 1158 2703 bertodani
1177 2663 1204 2704 et
1223 2651 1251 2703 in
1271 2651 1406 2704 notarium
1418 2667 1470 2720 ego
1482 2652 1658 2721 subsignatus
1669 2652 1732 2716 Qua

564 2738 673 2807 quidem
692 2738 831 2792 ellectione
850 2737 916 2791 lacta
935 2738 983 2791 fuit
1011 2739 1176 2808 propositum
1206 2740 1240 2792 de
1268 2738 1437 2792 reformando
1464 2739 1598 2809 tolegium
1627 2758 1659 2794 ex
1677 2757 1731 2812 quo

565 2843 692 2878 numerus
710 2826 884 2878 dominorum
902 2828 1068 2880 notariorum
1087 2839 1126 2880 est
1144 2829 1282 2880 reductum
1301 2828 1334 2880 ad
1353 2828 1446 2880 decem
1465 2843 1565 2880 nouem
1584 2841 1610 2880 et
1629 2829 1681 2882 hoc
1699 2847 1731 2881 ex

565 2913 649 2966 forma
670 2914 759 2966 statuti
778 2931 824 2966 seu
844 2913 1039 2968 reformationis
1058 2915 1097 2978 de
1109 2932 1181 2968 anno
1199 2915 1345 2968 millesimo
1362 2914 1579 2985 quingentesimo
1594 2915 1731 2986 trigesimo

563 3013 658 3072 quarto
678 3002 711 3054 de
729 3017 781 3071 qua
800 3018 877 3071 supra
896 3003 944 3055 sub
963 3003 1006 3055 die
1025 3003 1184 3056 duodecima
1202 3003 1302 3056 mensis
1320 3003 1473 3056 decembris
1487 3003 1544 3066 Qui
1563 3004 1667 3056 domini
1686 3021 1731 3057 no

564 3091 621 3158 tarij
642 3089 820 3158 prenominati
839 3107 900 3142 cum
920 3091 1030 3143 salubris
1049 3093 1082 3143 sit
1100 3091 1169 3143 dicta
1189 3091 1341 3144 relonnatio
1369 3091 1560 3144 ordinauerunt
1584 3093 1657 3145 etin
1676 3093 1731 3144 vim

563 3179 652 3231 statuti
672 3178 882 3232 relormauerunt
900 3180 973 3249 quod
991 3179 1102 3249 quilibet
1120 3180 1153 3232 de
1172 3180 1286 3249 collegio
1308 3179 1390 3249 possit
1408 3178 1491 3232 aliurn
1510 3181 1651 3234 nominare
1659 3193 1685 3232 et
1697 3179 1732 3232 el-

564 3267 645 3337 ligere
663 3268 690 3320 in
710 3267 768 3337 ipso
786 3267 910 3337 collegio,
924 3268 1082 3320 Dummodo
1100 3267 1134 3320 sit
1145 3280 1235 3339 gratus
1248 3266 1397 3337 elligendus
1408 3268 1480 3321 dicto
1493 3267 1617 3338 collegio.
1631 3269 1732 3330 Datum

562 3367 588 3407 et
605 3367 694 3410 actum
712 3367 739 3408 vt
757 3371 843 3424 supra

1546 3463 1589 3516 Ds
1607 3476 1694 3517 reat.

598 3707 641 3760 47.
660 3692 690 3745 ln
710 3691 821 3744 nomine
841 3689 951 3743 Domini
971 3689 1053 3740 nostri
1072 3691 1128 3758 yhu
1149 3692 1192 3759 xpi
1213 3708 1299 3744 amen.
1321 3691 1402 3744 Anno
1421 3709 1436 3744 a
1455 3693 1593 3747 natiuitate
1611 3695 1731 3748 eiusdem

563 3791 685 3832 currente
693 3778 836 3832 millesimo
846 3775 1064 3846 quingentesimo
1077 3776 1300 3846 quiuquagesimo
1312 3791 1387 3832 serto
1399 3793 1425 3832 et
1438 3781 1482 3833 die
1493 3793 1565 3834 sexta
1577 3783 1677 3836 mensis
1688 3783 1731 3836 de·

562 3867 678 3920 dembn's
697 3865 848 3921 indictione
865 3863 968 3916 decima
987 3875 1087 3933 quarta,
1109 3877 1256 3918 conuocato
1266 3878 1293 3919 et
1303 3881 1466 3939 congregato
1479 3869 1593 3939 collegio
1608 3870 1731 3924 domino·

562 3972 622 4008 rum
635 3953 800 4007 notariorum
814 3951 918 4019 bugelle
931 3961 958 4002 tt
971 3951 1053 4002 moris
1062 3963 1101 4002 est
1115 3951 1148 4003 de
1160 3953 1286 4006 mandato
1296 3955 1470 4009 dominorum
1482 3957 1577 4010 Nicole
1589 3957 1623 4010 de
1634 3957 1730 4028 quinto

562 4055 588 4095 et
607 4041 737 4095 Ludouici
758 4039 893 4093 bertodani
913 4037 1054 4090 consulum
1073 4038 1264 4092 modemomm
1282 4042 1387 4111 colle-gij
1408 4059 1457 4112 pro
1471 4043 1641 4114 infrascriptis
1660 4062 1731 4114 pera·

562 4129 656 4199 gendis
675 4129 705 4182 ln
724 4145 778 4197 quo
797 4127 905 4196 quidem
925 4125 1039 4194 collegio
1057 4125 1257 4179 interuenerunt
1276 4128 1323 4196 ipsi
1343 4129 1448 4182 domini
1462 4131 1584 4184 consules
1595 4133 1731 4186 Dominus

563 4216 700 4268 umrclrion
720 4215 810 4282 spinis,
831 4212 986 4280 llugrrilicus
1005 4212 1130 4264 dominus
1144 4213 1279 4266 lohannes
1292 4234 1386 4284 gasper
1399 4219 1535 4270 bertodani
1548 4220 1727 4272 condominus

564 4304 665 4370 tolegni
686 4303 794 4355 Nobiles
813 4301 954 4353 franciscus
973 4300 1073 4352 turditis
1091 4301 1201 4354 andreas
1221 4302 1255 4356 de
1273 4305 1376 4370 gromis
1394 4305 1504 4358 lacobus
1521 4306 1624 4376 tolegni
1642 4319 1730 4378 petrus
