3918 5554
1375 521 1428 576 ²79

261 630 386 684 alienaret
404 631 446 700 jus
463 631 536 700 quod
554 629 662 684 haberet
679 629 796 684 indicta
814 628 930 682 beccarin
948 629 1020 699 quod
1048 629 1081 682 ab
1099 628 1147 683 illo
1164 629 1209 682 die
1226 628 1254 682 in
1273 641 1350 682 antea
1368 645 1427 682 non

262 719 344 787 possit
361 735 411 773 nec
428 719 522 772 debeat
540 718 568 772 in
586 719 658 773 dicto
687 717 749 772 loco
779 717 895 772 bcccarie
926 715 1010 772 iacere
1040 717 1186 772 boccarinm
1205 717 1251 772 sed
1270 717 1375 786 penitus
1392 716 1426 770 sit

261 806 382 860 exclusus
400 823 415 860 a
433 807 491 876 jure
508 818 535 860 et
552 805 663 860 utilitate
681 805 805 859 bettane.
824 805 892 859 Item
904 805 976 876 quod
989 805 1085 876 aliquis
1106 805 1224 875 ipsorum
1246 805 1426 860 beccanorum

261 893 304 948 uel
324 893 479 949 habentium
498 897 539 964 jus
557 894 585 948 in
604 894 658 964 ipsa
678 894 793 948 bercaria
812 909 867 947 non
887 893 969 964 possit
987 909 1036 948 nec
1054 893 1147 948 debeat
1178 893 1294 948 uendere
1312 893 1427 946 alienare

260 985 303 1052 jus
320 983 392 1053 quod
411 984 519 1038 haberet
538 983 565 1036 in
584 983 653 1036 dictt
672 981 788 1036 beccam
806 981 886 1036 alicui
905 997 1017 1052 persone
1035 981 1077 1035 uel
1097 981 1216 1052 personis
1234 981 1285 1034 nisi
1305 981 1428 1051 predictis

263 1072 387 1142 beccarijs
406 1071 449 1126 uel
467 1071 627 1124 habentibus
645 1071 687 1140 jus
705 1070 732 1124 iu
752 1070 822 1124 dicta
841 1071 965 1124 &cenna
984 1071 1052 1124 Item
1064 1069 1136 1141 quod
1148 1069 1236 1140 aliqua
1249 1086 1360 1140 persone
1374 1086 1429 1124 non

263 1159 344 1228 possit
361 1176 410 1213 nec
428 1160 521 1212 debeat
540 1158 623 1212 lacere
642 1157 787 1211 bercariam
817 1157 845 1210 in
876 1156 936 1212 loco
969 1157 1078 1228 bugelle
1102 1173 1151 1211 nec
1170 1173 1216 1228 per
1234 1169 1296 1212 octo
1315 1157 1430 1210 miliaria

263 1261 344 1318 prope
362 1248 452 1302 locum
474 1246 585 1318 Bugelle
615 1247 642 1300 in
674 1257 742 1300 tetra
773 1245 877 1300 domini
909 1245 1032 1318 Episcopi
1062 1257 1089 1299 et
1120 1245 1238 1300 Ecclesia
1265 1245 1432 1300 vercellensis

262 1337 314 1390 nisi
333 1335 360 1390 in
379 1335 465 1406 placio
485 1335 595 1404 Bugelle
621 1335 650 1388 in
680 1334 795 1388 bmcaria
824 1335 938 1404 predicta
968 1346 1094 1390 consueta
1112 1333 1163 1388 nisi
1188 1333 1298 1404 predicti
1318 1333 1428 1402 beccarij

262 1423 381 1478 inuestiti
399 1423 443 1478 uel
462 1440 555 1478 eorum
575 1423 685 1476 heredes
703 1421 746 1476 uel
765 1421 892 1478 habentes
911 1423 953 1492 jus
971 1423 999 1476 in
1018 1423 1073 1493 ipsa
1091 1434 1121 1476 ut
1137 1423 1317 1492 supradictum
1330 1433 1376 1475 est
1396 1405 1429 1476 Et

262 1513 307 1582 qui
327 1513 510 1567 contrafecerit
528 1527 575 1583 pro
594 1511 714 1582 quolibet
732 1523 759 1564 et
777 1513 895 1582 qualibet
913 1511 973 1564 uice
991 1523 1017 1564 et
1035 1527 1083 1582 pro
1101 1510 1220 1582 qualibet
1242 1510 1324 1564 bestia
1349 1526 1430 1581 quam

263 1601 390 1654 uenderet
407 1617 484 1654 causa
503 1599 637 1654 uendendi
671 1611 697 1652 et
728 1599 839 1654 faciendi
872 1599 1017 1653 bercariam
1044 1597 1139 1652 Solum
1156 1614 1205 1670 pro
1224 1599 1313 1652 banno
1331 1597 1431 1652 solidos

264 1687 399 1758 sexaginta
418 1689 584 1760 papiensium
603 1688 717 1742 domino
735 1687 866 1758 Episcopo
884 1687 1018 1742 antedicto
1036 1685 1080 1740 uel
1098 1685 1155 1740 eius
1173 1687 1278 1758 nuncijs
1291 1699 1318 1742 et
1335 1687 1427 1740 amitat

263 1794 354 1829 carnes
372 1793 424 1846 que
442 1793 533 1829 carnes
551 1778 707 1846 perueniant
725 1777 753 1846 jn
773 1777 892 1831 Comuni
911 1775 1089 1830 beccuriorun.
1108 1775 1149 1828 Eo
1167 1775 1241 1828 saluo
1252 1787 1278 1828 et
1296 1788 1429 1844 reseruato

262 1866 334 1934 quod
353 1865 469 1934 quelibet
488 1879 598 1934 persona
610 1866 796 1936 undecumque
810 1865 843 1918 sit
857 1866 938 1934 possit
951 1865 1065 1918 vendere
1077 1879 1169 1917 comes
1182 1864 1261 1916 salsus
1275 1865 1302 1916 in
1316 1866 1432 1918 nicaenis

263 1954 372 2020 integris
392 1954 487 2022 mediis
506 1965 532 2006 et
549 1954 688 2022 quarteriis
707 1971 761 2006 non
779 1955 945 2006 obstantibus
963 1953 1109 2006 antedictis.
1129 1952 1195 2004 Item
1215 1953 1286 2022 quod
1300 1952 1432 2006 Consules

264 2042 442 2094 heccariorum
461 2041 507 2110 qui
526 2057 597 2093 nunc
616 2055 677 2094 sunt
697 2054 722 2094 et
742 2059 789 2110 pro
813 2041 980 2110 temporibus
1011 2039 1108 2094 suerint
1127 2041 1229 2110 possint
1248 2052 1273 2092 et
1292 2039 1331 2092 eis
1355 2040 1431 2093 liceat

264 2127 347 2180 lacere
366 2129 497 2198 justiciam
521 2129 590 2180 inter
608 2145 636 2182 se
648 2127 756 2182 cuilibet
769 2129 945 2198 conquerenti
958 2130 991 2182 de
1004 2127 1095 2198 aliquo
1107 2127 1238 2181 dictorum
1253 2127 1430 2180 bercariorum

264 2217 297 2268 de
315 2216 367 2284 hijs
385 2231 438 2285 que
456 2216 588 2285 pertinent
610 2217 642 2269 ad
661 2217 780 2270 osticium
800 2217 917 2268 beccarie
936 2217 1083 2269 secundum
1102 2233 1195 2268 eorum
1215 2216 1352 2286 antiquam
1370 2231 1432 2268 con·

263 2305 439 2357 suetudinem.
459 2302 526 2358 item
545 2305 685 2384 confirmat
713 2305 814 2358 eisdem
842 2305 995 2358 consulibus
1010 2301 1209 2376 'resipientibus
1233 2321 1327 2358 eorum
1347 2303 1432 2356 nomi·

263 2394 341 2446 nibus
359 2406 385 2446 et
405 2394 462 2446 uice
481 2404 507 2446 et
525 2395 637 2448 nomine
656 2395 833 2464 predictomm
853 2409 948 2446 omnes
967 2409 1061 2447 eorum
1081 2395 1165 2446 bonas
1183 2393 1388 2447 consuetudines
1406 2403 1432 2444 et

267 2481 323 2548 jum
342 2497 394 2551 que
412 2493 438 2534 et
451 2497 515 2552 quas
535 2481 583 2551 ipsi
603 2481 711 2550 bercarij
733 2480 776 2534 uel
805 2497 901 2534 eorum
931 2492 1108 2534 antecoesores
1127 2491 1323 2534 consueuerunt
1335 2479 1432 2532 habere

264 2581 290 2620 et
310 2581 399 2622 tenere
418 2569 445 2621 in
465 2569 533 2622 dicta
554 2568 669 2621 beccaria
689 2569 715 2621 in
736 2568 796 2621 loco
815 2568 939 2637 Bugelle.
959 2569 999 2622 Eo
1018 2569 1102 2622 modo
1119 2581 1212 2622 tenore
1225 2581 1251 2622 et
1263 2567 1347 2622 sonna
1360 2567 1433 2638 quod

264 2655 312 2724 ipsi
332 2656 440 2725 bercarii
461 2667 486 2708 et
505 2656 632 2708 habentes
660 2657 701 2725 jus
730 2655 757 2708 in
787 2655 841 2724 ipsa
876 2656 995 2709 beccaria
1023 2669 1049 2708 et
1079 2673 1173 2710 eorum
1192 2656 1301 2710 heredes
1320 2655 1434 2708 habeant

265 2753 372 2796 tenennt
390 2755 415 2796 et
434 2742 584 2811 possideant
603 2743 645 2795 uel
665 2743 739 2813 quasi
762 2743 912 2812 possideant
931 2743 1028 2796 dictam
1048 2744 1192 2798 beccariam
1212 2761 1257 2814 per
1276 2743 1385 2797 feudum
1404 2755 1433 2796 ut

264 2846 340 2898 supra
359 2846 421 2882 cum
439 2830 566 2882 omnibus
585 2831 685 2898 juribus
704 2842 730 2882 et
761 2830 931 2900 pertinenciis
961 2831 1015 2884 suis
1034 2843 1060 2884 et
1078 2831 1315 2884 consuetudinibus
1337 2847 1431 2900 supra-

264 2916 364 2986 scriptis
383 2929 408 2969 et
427 2917 485 2986 alijs
505 2917 605 2984 juribus
623 2929 649 2970 et
667 2917 904 2970 consuetudinibus
919 2935 972 2988 que
990 2931 1015 2971 et
1034 2935 1099 2988 quas
1117 2919 1166 2988 ipsi
1194 2919 1301 2988 heccarij
1323 2935 1432 2972 consue·

265 3017 360 3058 uerunt
378 3005 474 3057 habere
493 3004 520 3057 in
540 3005 661 3074 predictis
680 3017 706 3058 et
724 3005 792 3057 circa
811 3007 925 3075 predicta
954 3007 1051 3059 stando
1079 3007 1112 3059 de
1140 3007 1320 3074 jurisdictione
1351 3007 1432 3075 ipsius

264 3093 367 3146 domiui
387 3093 508 3162 Episcopi
527 3106 553 3146 et
572 3093 687 3146 Ecclesie
705 3093 871 3146 vercellensis
889 3095 1035 3147 secundum
1055 3095 1125 3164 quod
1145 3105 1207 3146 sunt
1225 3105 1251 3147 et
1269 3096 1432 3148 essedebent

264 3182 306 3250 nlij
327 3181 452 3234 homines
470 3194 567 3234 stantes
586 3193 611 3234 et
631 3181 778 3234 habitantes
798 3182 824 3234 in
847 3181 926 3234 Plazo
946 3181 1055 3250 Bugelle
1074 3182 1106 3235 Et
1125 3183 1213 3236 dando
1244 3193 1269 3234 et
1301 3182 1431 3235 soluendo

264 3286 293 3322 ac
312 3269 432 3322 iaciendo
451 3269 500 3338 ipsi
519 3269 631 3323 domino
650 3269 781 3339 Episcopo
800 3269 941 3339 Episcopio
960 3283 986 3322 et
1016 3269 1131 3324 Ecclesie
1161 3269 1313 3323 vercellensi
1345 3269 1430 3324 libras.

264 3356 392 3427 Quinque
411 3357 518 3410 solidos.
538 3373 638 3410 nouem
657 3369 683 3410 et
702 3357 824 3410 denarios
844 3357 927 3428 lllJ.‘’r
946 3357 1083 3428 papienses
1101 3374 1148 3428 pro
1162 3357 1223 3412 licto
1236 3358 1431 3412 dictebeccnrie

264 3445 291 3498 in
311 3444 377 3498 sesto
397 3445 541 3498 natiuitatis
560 3445 663 3498 domini
683 3447 821 3498 annuatim
840 3445 911 3499 Cum
930 3446 1052 3516 dampnis
1070 3459 1096 3500 et
1114 3447 1234 3516 expensis
1249 3446 1431 3515 laciendispro

264 3533 386 3602 predictis
405 3533 520 3600 denariis
538 3533 682 3602 exigendis.
702 3533 757 3586 Sub
770 3533 955 3602 obblipacione
968 3534 1100 3586 bonomm
1111 3549 1229 3598 suorum,
1240 3533 1432 3587 Renunciando

263 3619 340 3673 omni
362 3621 470 3673 testium
489 3621 638 3690 probationi
656 3631 684 3672 et
702 3621 778 3673 omni
797 3619 945 3690 exceptioni
964 3637 1016 3691 qua
1034 3633 1125 3674 contra
1144 3622 1269 3692 premissa
1287 3631 1432 3692 seposseot

264 3707 405 3761 defendere
424 3707 466 3760 uel
485 3709 578 3776 juuare
596 3707 687 3770 Quum
708 3708 852 3760 beccariam
872 3723 934 3761 cum
952 3709 1078 3761 omnibus
1096 3709 1197 3778 juribus
1216 3709 1293 3764 Idem
1306 3709 1432 3762 dominus

264 3796 408 3866 Episcopus
427 3811 476 3849 suo
496 3795 605 3849 nomine
624 3808 650 3848 et
669 3795 785 3849 Ecclesie
803 3795 969 3848 vercellensis
989 3796 1114 3867 promisit
1133 3796 1272 3850 defendere
1284 3809 1310 3851 et
1323 3813 1433 3866 genten·

265 3897 319 3937 tare
337 3885 369 3936 ab
388 3884 463 3936 omni
484 3899 594 3952 persona
613 3895 639 3936 et
658 3884 777 3953 personis
796 3881 914 3936 Comuni
934 3883 1058 3952 Collegio
1076 3895 1102 3938 et
1121 3885 1290 3938 uniuersitate
1308 3884 1431 3954 predictis

266 3972 389 4040 beccarijs
409 3971 537 4024 investitis
556 3983 692 4024 eteorum
712 3971 853 4023 heredibus
872 3971 926 4024 Sub
945 3985 1055 4040 tqioteca
1075 3973 1206 4024 bonorum
1227 3971 1342 4026 Ecclesie
1370 3989 1432 4024 ver-

264 4059 393 4122 cellensis,
412 4059 494 4112 Saluo
513 4075 615 4129 semper
633 4073 658 4112 et
681 4073 813 4112 reseruato
844 4059 870 4111 in
900 4060 1021 4128 predictis
1048 4071 1074 4112 et
1105 4059 1224 4128 quolibet
1255 4060 1431 4128 predictorum

264 4149 339 4201 omni
359 4149 416 4217 jure
434 4159 460 4200 et
479 4148 582 4200 honore
601 4147 681 4216 ipsius
700 4147 803 4199 domini
824 4146 946 4217 Episcopi
965 4159 992 4200 et
1022 4146 1137 4200 Ecclesie
1168 4145 1341 4210 vercellensis,
1369 4147 1431 4210 Qua

265 4237 421 4304 jnutstiturn
440 4235 476 4288 sic
496 4235 561 4288 iacta
580 4248 606 4288 et
624 4233 764 4288 confirmat
783 4235 895 4288 nomine
914 4247 940 4288 et
959 4234 1018 4287 uice
1037 4251 1130 4288 eorum
1149 4246 1175 4288 et
1194 4235 1317 4288 omnium
1337 4247 1363 4288 et
1382 4236 1432 4289 sin·

265 4325 391 4394 gulomm
411 4323 590 4377 beccariorum
610 4322 719 4392 Bngelle
737 4335 763 4377 et
783 4323 938 4378 habentium
958 4324 1000 4394 jus
1019 4323 1046 4376 in
1065 4323 1120 4394 ipsa
1139 4323 1254 4378 &cratia
1273 4323 1431 4378 etomnium
