3978 5546
530 424 563 497 36

567 547 624 602 188.
643 548 712 602 Item
730 559 857 601 statutum
875 559 914 600 est
941 547 1014 619 quod
1041 547 1128 620 aliqua
1146 563 1257 619 persona
1283 565 1340 604 nou
1357 551 1452 605 debat
1472 550 1556 606 fauere
1573 551 1692 625 aliquam

529 636 663 692 sociurum
680 637 709 690 in
727 637 895 706 portucubus
912 634 955 690 uel
973 635 1092 706 platbeis
1111 637 1152 690 vei
1171 638 1199 691 iu
1218 638 1269 692 uiis
1286 638 1385 710 publici
1398 657 1415 693 a
1427 639 1608 712 domuJaeobi
1619 639 1693 696 iudei

529 740 612 796 usque
629 725 662 778 ad
679 725 792 779 domum
810 723 939 778 heredum
956 723 1092 794 quondam
1110 725 1175 795 petri
1194 727 1353 798 pascitque.
1384 728 1419 781 Et
1444 728 1491 799 qui
1508 729 1693 784 wuuaiecerit

530 813 616 868 soluat
634 813 752 866 bannum
770 828 818 882 pro
834 811 953 883 quolibet
970 824 998 866 et
1014 811 1131 882 qualibet
1148 813 1207 866 uice
1224 814 1273 868 sol.
1291 815 1417 886 quinque.
1436 832 1479 886 pp.

570 953 627 1023 189.
646 951 713 1007 Item
731 963 858 1006 statutum
876 949 1005 1024 estquod
1023 951 1111 1022 aliqua
1129 968 1241 1022 persona
1253 969 1310 1008 nou
1328 952 1422 1008 debat
1439 971 1489 1009 nec
1506 956 1532 1009 ei
1551 955 1695 1011 liceetsbo

531 1039 604 1110 giare
615 1040 704 1113 aliqua
716 1053 825 1096 menutn
837 1057 852 1095 a
864 1039 1048 1114 domoJacobi
1057 1043 1171 1098 sanans
1190 1058 1273 1113 usque
1290 1043 1323 1096 ad
1342 1041 1473 1112 palacium
1487 1043 1611 1098 comunis
1622 1044 1696 1098 iuxta

532 1129 669 1198 putheum
688 1141 760 1184 extra
778 1129 874 1184 domos
885 1131 928 1200 (1)
940 1147 990 1186 uec
1007 1131 1036 1186 in
1055 1131 1107 1200 uijs
1119 1129 1246 1200 pubblicis
1258 1130 1329 1199 (1)a
1347 1131 1427 1184 rumis
1445 1130 1696 1203 palmarumusque

532 1217 566 1270 ad
584 1228 705 1272 mucutm
723 1217 877 1272 Martium
895 1219 929 1273 Et
946 1218 993 1289 qui
1011 1217 1192 1274 conmtoeerit
1220 1217 1307 1272 soluat
1324 1234 1372 1288 pro
1390 1217 1510 1290 quolibet
1535 1231 1564 1274 et
1580 1219 1698 1292 qualibet

535 1303 595 1360 uiue
612 1305 661 1360 sol.
680 1304 798 1377 quinque
815 1321 858 1376 pp.

572 1477 630 1534 190.
648 1462 716 1516 Item
734 1473 861 1518 statutum
878 1474 918 1516 est
943 1464 1016 1534 quod
1034 1461 1123 1517 nullus
1148 1463 1230 1534 possit
1256 1480 1306 1516 uec
1323 1476 1457 1535 presumat
1482 1467 1571 1520 batere
1589 1465 1698 1520 bladum

534 1549 650 1621 aliquod.
669 1566 718 1603 uec
735 1549 852 1620 aliquam
870 1568 927 1604 rem
944 1550 1025 1606 aliam
1042 1567 1121 1621 supet
1137 1551 1273 1605 Palatium
1290 1552 1421 1606 comunis.
1439 1553 1488 1606 sub
1503 1554 1593 1608 banno
1604 1553 1654 1610 sol.
1665 1554 1699 1608 V.

536 1655 578 1710 pp.
598 1639 631 1692 Et
647 1637 770 1692 eonsules
787 1653 865 1709 super
882 1639 934 1692 hoc
952 1655 1007 1693 uon
1026 1639 1127 1710 possint
1145 1640 1207 1692 dare
1225 1639 1371 1693 licenciam.

576 1794 633 1851 191.
652 1779 720 1834 Item
738 1791 865 1846 statutum
883 1781 1012 1850 estquod
1031 1779 1104 1834 nulla
1122 1795 1233 1850 persona
1251 1791 1332 1850 ponat
1351 1779 1378 1832 in
1397 1779 1503 1851 plathea
1520 1796 1592 1836 noua
1600 1772 1698 1852 Palacij

536 1884 587 1921 nec
605 1883 683 1939 super
700 1883 791 1922 muros
809 1867 909 1939 aliquid
935 1869 988 1922 uisi
1015 1868 1123 1922 bladum
1153 1879 1180 1921 et
1197 1867 1235 1921 sal
1253 1868 1282 1922 iu
1311 1867 1385 1922 sacis
1404 1867 1438 1922 Et
1455 1869 1502 1942 qui
1519 1868 1701 1925 contrafecerit

537 1955 624 2010 soluat
642 1972 690 2028 pro
708 1955 823 2028 qualibet
841 1955 899 2009 uice
917 1956 965 2010 sol.
983 1955 1109 2027 quinque.
1128 1972 1170 2026 pp.

576 2129 633 2186 192.
652 2113 695 2183 (2)
713 2111 781 2168 Item
798 2123 926 2168 statutum
944 2127 983 2167 est
1001 2114 1072 2185 quod
1085 2130 1180 2169 onmes
1192 2115 1316 2168 homines
1328 2116 1361 2168 de
1373 2115 1458 2186 plaeio
1469 2115 1597 2171 babentes
1606 2117 1703 2174 domos

538 2222 554 2258 a
572 2217 646 2275 porta
659 2203 753 2256 toratie
764 2219 847 2273 usque
859 2203 892 2255 ad
904 2215 1007 2272 portam
1019 2219 1109 2256 uersus
1122 2215 1261 2256 uematum
1274 2204 1306 2256 ab
1318 2215 1427 2274 utruque
1445 2217 1524 2274 purte.
1543 2205 1577 2258 Et
1594 2223 1609 2258 a
1628 2220 1703 2276 porta

539 2309 630 2346 uersus
648 2302 786 2345 uematum
805 2305 889 2361 usque
906 2291 939 2358 qd
957 2303 1061 2360 portem
1078 2290 1168 2362 glarie
1187 2303 1214 2344 et
1231 2307 1247 2343 a
1265 2303 1340 2360 porta
1357 2291 1440 2362 glarie
1458 2294 1585 2362 usquead
1598 2307 1703 2364 portem

539 2382 636 2436 toracie
654 2379 697 2434 vbi
709 2390 771 2432 sunt
782 2378 826 2431 uie
839 2378 942 2448 publice
955 2389 980 2431 et
992 2378 1140 2432 habitentes
1151 2378 1183 2431 ln
1198 2378 1235 2430 eis
1247 2390 1386 2432 teneantur
1397 2391 1487 2432 tenete
1505 2381 1588 2434 bonas
1600 2382 1704 2438 canales

540 2470 611 2524 luter
628 2485 709 2522 vnum
726 2467 839 2521 domum
857 2479 883 2520 et
900 2465 988 2520 allam.
1001 2465 1066 2520 tales
1083 2466 1163 2519 etita
1182 2465 1264 2520 bonas
1281 2467 1353 2537 quod
1371 2466 1462 2536 pluuie
1479 2483 1535 2520 uon
1553 2469 1655 2538 possint
1672 2471 1704 2525 In

542 2557 694 2631 porticubus
705 2555 802 2627 pluere
812 2567 839 2609 et
850 2554 989 2625 explanare
1001 2553 1086 2608 rinnau
1098 2569 1144 2607 seu
1156 2553 1241 2607 solare
1254 2569 1306 2608 eas
1315 2566 1342 2607 et
1353 2565 1443 2608 tenete
1451 2569 1569 2625 copertus
1578 2569 1605 2610 et
1613 2557 1706 2627 planas

545 2647 577 2702 ad
596 2646 708 2699 modum
725 2644 915 2716 ponhycorum
942 2643 973 2697 ln
992 2659 1059 2713 pena
1086 2654 1112 2696 et
1130 2643 1219 2696 banno
1246 2642 1294 2696 sol.
1322 2641 1381 2696 XX
1408 2658 1450 2714 pp.
1475 2660 1540 2715 quas
1557 2645 1661 2700 canales
1679 2660 1706 2701 et

542 2733 738 2806 explanationes
749 2749 796 2786 seu
808 2732 934 2786 solaturos
946 2743 973 2784 et
984 2743 1133 2802 coperturas
1145 2729 1235 2784 fecisse
1243 2729 1466 2785 teneantuerra
1477 2731 1578 2786 exitum
1590 2734 1705 2803 proximi

542 2823 654 2878 menssis
671 2822 752 2893 magii
772 2823 820 2876 sub
839 2837 906 2892 pena
924 2821 1046 2891 predicta.
1064 2820 1098 2873 Et
1109 2819 1231 2873 consules
1244 2835 1299 2873 non
1318 2819 1419 2890 possint
1431 2821 1493 2874 dare
1511 2820 1660 2876 licenciam
1672 2822 1706 2876 Et

544 2912 615 2984 quod
633 2909 722 2964 nullus
740 2909 821 2980 possit
839 2921 928 2964 tenere
946 2909 1074 2979 petrichus
1092 2923 1168 2976 supra
1187 2920 1280 2978 pontes
1307 2907 1394 2978 Rugie
1420 2907 1496 2980 placij
1517 2896 1641 2980 bug'gelle
1658 2911 1707 2963 sub

544 3017 612 3074 pem
630 2998 752 3069 predicta

584 3159 719 3230 193.1tem
731 3169 858 3212 statutum
870 3156 992 3227 estquod
1004 3153 1092 3226 aliqua
1104 3171 1215 3225 persona
1227 3169 1282 3208 non
1296 3155 1373 3208 ducat
1386 3155 1428 3208 uel
1441 3153 1510 3226 ducij
1522 3153 1599 3209 iaciat
1611 3172 1708 3228 aquam

546 3248 579 3302 ad
597 3247 713 3320 aliquam
730 3263 806 3301 suam
825 3245 1017 3316 possessionem
1035 3260 1086 3315 que
1104 3243 1179 3296 cadat
1197 3243 1230 3296 de
1248 3243 1357 3296 ducibus
1375 3241 1418 3296 uel
1431 3243 1577 3313 dampnum
1590 3242 1667 3298 faciat
1680 3244 1707 3296 in

545 3337 648 3391 fossatis
665 3335 755 3408 etqui
773 3346 864 3388 contra
882 3331 970 3386 lecerit
988 3329 1074 3386 soluat
1092 3347 1139 3402 pro
1158 3330 1276 3402 quolibet
1294 3343 1320 3384 et
1338 3331 1454 3402 qualibet
1466 3331 1523 3385 vice
1546 3329 1595 3384 sol.
1618 3330 1651 3400 X.¹
1666 3349 1708 3403 pp.

548 3439 574 3480 et
592 3437 711 3480 teneatur
728 3422 850 3477 emadarc
868 3423 1014 3492 dampnum
1032 3433 1058 3473 et
1076 3435 1185 3472 vacuare
1204 3418 1330 3473 fossatum
1343 3431 1369 3472 et
1381 3419 1462 3490 possit
1474 3419 1584 3490 quilibet
1596 3435 1710 3473 acusare.

587 3583 644 3639 194·
663 3567 730 3621 Item
748 3575 876 3619 statutum
894 3575 920 3617 et
938 3562 1089 3616 ordinatum
1108 3573 1147 3615 est
1165 3561 1236 3632 quod
1254 3559 1342 3632 aliqua
1360 3575 1471 3630 persona
1489 3576 1545 3614 nou
1563 3559 1645 3632 possit
1662 3575 1711 3614 nec

549 3657 636 3711 ualeat
653 3671 742 3710 emere
759 3669 808 3708 nec
826 3653 880 3706 emi
899 3650 982 3706 facere
999 3649 1115 3722 aliquam
1134 3648 1332 3710 merchandiam
1351 3648 1394 3718 (ς)
1413 3685 1711 3702 ............

550 3757 622 3800 extra
640 3755 727 3815 portas
744 3741 816 3814 plani
835 3757 883 3795 uec
901 3751 973 3794 extra
991 3751 1094 3810 portum
1113 3736 1214 3791 uernati
1233 3736 1387 3807 contiguam
1406 3751 1468 3790 cum
1486 3735 1668 3807 placiopreter
1685 3734 1714 3788 li-

577 3956 610 4010 (t)
623 3955 716 4008 Adiectio
730 3953 839 4008 posterior.

579 4029 610 4078 (a)
624 4025 674 4079 Cap.
688 4037 739 4078 quae
753 4024 812 4063 iuter.
827 4034 872 4076 cap.
889 4033 933 4074 ¹9²·
948 4031 969 4062 et
982 4021 1072 4063 rubricae
1085 4018 1198 4062 clausulam
1212 4018 1346 4067 lntucedunt,
1361 4017 1438 4070 adiectu
1458 4015 1560 4072 posterim
1581 4024 1636 4057 sunt.
1650 4015 1715 4058 Uiuio

553 4107 621 4140 cerem
636 4095 722 4135 initiales
737 4093 814 4134 literae.
825 4092 885 4148 Jum
898 4106 942 4148 cap.
959 4103 995 4145 ¹⁹²
1010 4093 1106 4146 scriptum
1120 4100 1165 4132 est:
1179 4088 1298 4131 liccem
1313 4089 1368 4142 iuxta
1382 4098 1449 4128 nutem
1462 4099 1507 4142 etp.
1520 4097 1555 4139 ¹93
1570 4088 1667 4142 scriptum
1677 4097 1715 4129 esta

553 4165 682 4212 llCCCVIII.

583 4237 615 4292 (ς)
628 4236 695 4278 locus
709 4248 792 4278 umus.
