3978 5546
1409 457 1441 512 23

316 564 372 618 118.
391 563 459 618 Item
477 577 604 620 statutum
623 565 752 636 estquod
782 565 906 636 camparij
934 581 1098 636 camporum.
1126 564 1271 618 vinearum.
1290 576 1317 618 et
1334 563 1444 635 planttn·

278 662 366 706 torum
385 651 461 724 placij
481 665 508 706 et
526 652 598 724 plani
617 651 729 724 bugelle.
748 664 888 707 teneantur
905 653 937 706 ed
955 654 1069 707 debeant
1080 653 1215 706 restituae
1227 651 1318 706 omnia
1329 653 1444 726 dampna

277 737 344 794 iacta
361 740 390 793 in
408 757 503 794 eorum
522 741 660 811 campariis
686 739 807 794 ualencia
834 739 893 811 plus
911 740 944 794 de
962 741 1066 794 duobus
1085 739 1174 795 soldis
1194 757 1236 811 pp.
1255 740 1307 794 illis
1326 741 1444 810 personis

277 827 372 898 quibus
390 826 470 882 ferent
487 827 587 884 sactum
605 829 760 899 dampnum.
780 827 831 882 nisi
850 828 917 882 iuste
936 828 1105 883 ostenderent
1136 827 1195 900 quis
1213 827 1316 883 fecisset
1343 829 1444 883 dictum

279 915 434 986 dampnum.

316 1070 373 1126 119.
392 1056 459 1110 Item
489 1068 618 1110 statutum
645 1057 774 1127 estquod
801 1055 923 1110 consules
941 1067 1080 1110 teneantur
1097 1055 1230 1127 inquirere
1247 1056 1270 1110 si
1288 1057 1326 1110 eis
1344 1058 1444 1112 denun-

258 1136 372 1198 'tiatum
391 1143 477 1199 fuerit.
496 1145 540 1199 uel
558 1147 580 1200 si
599 1145 724 1200 sciuerInt
739 1145 812 1218 quod
830 1145 954 1216 camparij
975 1143 1084 1199 fecerint
1109 1145 1209 1216 aliquid
1227 1157 1319 1200 contra
1350 1158 1445 1200 statuta

232 1251 237 1264 ·
277 1248 330 1302 que
348 1249 394 1286 eos
411 1244 533 1304 tangunt.
551 1245 578 1288 et
595 1245 686 1288 tenere
702 1246 865 1288 accusatores
883 1246 911 1288 et
937 1233 1134 1288 denuntiatores
1152 1232 1276 1302 priuatos

316 1387 373 1426 120.
392 1373 459 1428 ltern
478 1385 606 1428 statutum
625 1374 753 1446 estquod
772 1374 896 1446 camparij
916 1391 1072 1446 camporum
1084 1386 1111 1427 et
1123 1375 1260 1428 vinearum
1274 1375 1445 1446 nonpossint

278 1461 371 1516 mitere
389 1461 489 1533 aliquas
508 1478 602 1516 eorum
621 1463 716 1517 bestias
733 1463 767 1516 ad
786 1463 966 1534 paschandum
984 1479 999 1516 a
1018 1461 1120 1517 fossatis
1131 1463 1250 1518 inferius
1269 1463 1303 1518 Et
1319 1464 1366 1535 qui
1384 1481 1446 1518 con·

277 1547 413 1604 traieceris.
432 1549 518 1606 soluat
537 1552 656 1606 bannum
675 1567 722 1622 pro
741 1551 857 1622 qualibet
876 1550 934 1605 uice
951 1550 1000 1605 sol.
1019 1551 1051 1604 X.
1072 1567 1113 1622 pp.
1132 1563 1159 1606 et
1172 1552 1294 1606 consules
1307 1563 1446 1606 teneantur

278 1637 421 1709 Inquirere.

316 1794 373 1834 121.
392 1781 436 1850 (1)
454 1781 521 1836 Item
539 1793 668 1836 stamturn
685 1793 725 1836 est
743 1783 895 1838 ordinatum
914 1793 953 1836 cst
968 1782 1040 1853 quod
1052 1782 1074 1834 si
1086 1781 1181 1852 aliquis
1193 1781 1313 1836 officialis
1322 1782 1445 1836 conrunis

278 1867 374 1922 luxerit
391 1870 425 1924 ad
442 1870 566 1924 undum
585 1870 627 1925 uel
655 1873 833 1942 supersteterit
851 1884 876 1926 et
895 1887 951 1926 non
979 1869 1126 1924 actisauerit
1143 1881 1170 1924 et
1187 1871 1340 1940 reprobatus
1367 1869 1446 1923 luerit

278 1955 375 2010 luxisse
392 1958 465 2028 quod
483 1959 570 2013 soluat
588 1961 707 2013 monum
725 1959 774 2014 sol.
793 1959 841 2014 LX
859 1977 901 2030 pp.
919 1971 1009 2030 postes
1027 1970 1142 2012 cessetur
1153 1958 1187 2012 de
1199 1957 1289 2013 officio
1301 1975 1351 2012 nec
1363 1959 1444 2029 possit

283 2043 397 2114 amplius
415 2056 473 2100 toto
491 2057 611 2116 tempore
628 2047 681 2102 vite
699 2063 747 2101 sue
764 2064 820 2102 esse
838 2046 958 2102 officialis
976 2046 1106 2100 comunis.

316 2217 373 2257 122.
393 2203 460 2258 leem
478 2215 606 2260 statutum
625 2208 754 2277 estquod
772 2205 861 2277 aliqua
879 2223 990 2277 persons
1008 2223 1064 2260 non
1083 2207 1165 2276 possit
1183 2223 1233 2260 nec
1245 2205 1445 2260 debentbabere

278 2290 398 2346 officium
416 2293 518 2348 notarie
537 2295 659 2348 comunis
678 2294 783 2364 bugelle
800 2311 853 2366 que
871 2312 927 2348 non
945 2296 979 2350 sit
997 2295 1101 2349 subdita
1119 2295 1229 2350 comuni
1247 2307 1274 2349 et
1292 2293 1445 2348 consulibus

279 2379 385 2448 bugelle
403 2381 431 2434 in
450 2379 531 2434 frodis
549 2381 630 2436 deciis
648 2383 776 2436 condiciis
794 2383 875 2436 rodiis
893 2383 1003 2454 caregiis
1022 2385 1116 2437 bannis
1125 2381 1445 2454 angariisetperangariis

278 2479 304 2520 et
321 2468 449 2522 omnibus
466 2469 526 2524 aliis
544 2470 688 2525 honeribus
706 2471 819 2526 realibus
838 2483 865 2525 et
883 2471 1071 2542 personalibus.
1090 2473 1124 2525 Et
1142 2471 1289 2542 predictum
1317 2482 1445 2524 statutum

278 2555 313 2609 sit
326 2556 469 2626 precissum
480 2569 507 2611 et
518 2557 627 2612 firmum
639 2559 672 2612 ad
685 2575 718 2612 eo
730 2561 802 2630 quod
814 2576 892 2630 super
902 2559 989 2630 ipsum
1004 2576 1059 2614 non
1073 2559 1174 2630 possint
1186 2558 1334 2630 aliqualiter
1345 2559 1446 2627 dispen-

279 2643 329 2696 sari
348 2661 397 2698 nec
415 2659 507 2700 contra
525 2647 612 2717 ipsum
625 2659 753 2701 statutum
766 2647 854 2719 aliqua
869 2647 974 2701 licentia
992 2648 1022 2700 in
1039 2647 1171 2702 credentia
1190 2647 1254 2700 dari.
1267 2647 1310 2716 (2)
1329 2663 1377 2698 nec
1401 2644 1446 2698 ali-

278 2733 350 2802 quod
369 2733 441 2788 aliud
459 2733 578 2789 officium
597 2747 623 2788 et
640 2734 686 2789 ille
704 2736 823 2790 notarius
840 2736 898 2790 siue
910 2735 1030 2790 officialis
1040 2735 1085 2807 qui
1099 2734 1177 2790 luerit
1188 2735 1286 2789 electus
1297 2749 1353 2788 non
1363 2733 1446 2804 possit

277 2835 398 2874 exercere
416 2819 535 2876 officium
553 2839 599 2893 per
617 2821 734 2894 aliquem
752 2824 924 2877 substitutum
943 2839 992 2877 nec
1010 2822 1176 2894 aliquatenus
1194 2821 1346 2894 dispensari.

316 2994 373 3050 ¹23·
391 2980 460 3036 ltem
477 2992 606 3036 statutum
623 2981 753 3052 estquod
771 2981 794 3035 si
812 2979 901 3053 aliqua
919 2997 1030 3052 persone
1048 2983 1082 3035 de
1100 2981 1205 3052 bugella
1224 2981 1267 3036 uel
1280 2981 1388 3036 nliunde
1407 2980 1446 3034 in·

278 3080 357 3124 uenta
376 3067 454 3124 irrerr't
471 3071 593 3124 ducendo
611 3086 658 3124 seu
675 3068 736 3124 duci
756 3068 877 3124 faciendo
896 3085 957 3124 cum
976 3087 1057 3124 carro.
1077 3070 1212 3124 canicule.
1232 3069 1274 3124 uel
1293 3083 1380 3124 struxa
1399 3085 1445 3122 seu

279 3172 341 3210 cum
360 3157 449 3228 bestiis
468 3159 502 3212 dc
520 3159 594 3212 basto
613 3158 743 3212 buschum
762 3159 795 3213 de
813 3159 1020 3212 comunitatibus
1039 3159 1144 3230 bugelle
1163 3159 1205 3212 uel
1225 3159 1258 3212 de
1276 3158 1370 3212 alienis
1394 3174 1447 3211 sor·

278 3245 355 3300 tibus
374 3248 447 3319 quod
465 3246 593 3302 forestarii
613 3259 753 3302 teneantur
771 3260 798 3303 et
815 3249 928 3302 debeant
946 3263 992 3301 eos
1010 3264 1130 3302 accusare
1158 3248 1304 3301 secundum
1331 3246 1445 3300 forratam

277 3331 392 3390 aliorum
410 3347 568 3391 statutorum
587 3337 620 3390 de
639 3337 753 3390 buschis.
774 3337 838 3391 etsi
857 3353 912 3390 non
932 3337 1112 3390 accusauerint
1125 3336 1158 3389 de
1170 3337 1239 3390 dicta
1251 3336 1295 3388 die
1308 3347 1447 3389 tententur

278 3433 304 3476 et
322 3422 435 3478 debeant
454 3424 503 3494 ipsi
522 3423 649 3478 forestarii
668 3435 695 3478 et
713 3423 824 3495 quilibet
842 3441 936 3478 eorum
964 3424 1068 3478 soluere
1097 3425 1214 3478 bannum
1241 3439 1296 3495 quo
1314 3435 1447 3476 teneretur

277 3508 381 3564 soluere
399 3509 497 3566 ficiens
517 3511 631 3584 predicta
649 3524 677 3566 et
694 3511 806 3584 quilibet
824 3513 906 3584 possit
929 3528 1050 3566 accusare
1062 3525 1089 3566 et
1101 3513 1266 3566 denuntiare.
1279 3509 1447 3566 ettenebitur

278 3595 395 3668 priuatis
412 3611 439 3652 et
457 3599 553 3654 haben
570 3599 679 3654 terciam
699 3611 800 3671 panem
820 3601 908 3654 banni.

316 3753 374 3806 124.
394 3739 462 3794 item
481 3751 608 3796 statutum
627 3753 666 3796 est
684 3741 757 3812 quod
775 3740 897 3796 consules
909 3752 1049 3795 teneantur
1061 3753 1087 3794 et
1105 3740 1218 3794 debeant
1230 3753 1321 3810 quater
1332 3739 1360 3792 in
1373 3755 1445 3792 anno

278 3825 375 3898 eligere
394 3839 509 3900 quatuor
526 3828 657 3899 sapientes
675 3828 760 3883 silicet
778 3830 811 3883 de
824 3828 1063 3899 mensseJanuarr'j.
1078 3827 1177 3896 Marcii.
1198 3827 1277 3897 Madij
1293 3839 1319 3880 et
1331 3827 1446 3898 Augusti

277 3915 323 3986 qui
341 3915 471 3987 sapientes
490 3927 629 3971 teruntur
648 3916 754 3971 uisitare
768 3916 905 3988 hospitale.
920 3927 946 3969 et
959 3916 1047 3969 ridere
1061 3915 1181 3970 inlinnos
1200 3915 1278 3985 siqui
1293 3914 1329 3967 ibi
1348 3913 1447 3968 luerint

304 4197 332 4248 (ι)
347 4195 446 4238 Rubrius
460 4209 504 4250 cap.
515 4195 660 4250 subsequentis
670 4195 760 4237 miniatis
771 4207 838 4238 cuent
849 4197 912 4238 literis
929 4196 1049 4246 initialibus,
1062 4195 1204 4250 posteriusque
1215 4197 1289 4250 scripta
1300 4207 1355 4236 sunt.

305 4267 334 4320 (ι)
349 4265 497 4322 §obsequentia
511 4279 555 4322 esp.
570 4267 631 4308 verbs
645 4269 747 4322 posterius
762 4269 843 4322 scripu.
