3958 5540
770 724 794 779 3.
812 709 861 764 DE
879 707 1085 764 MERCHATO
1104 739 1136 749 —
1156 709 1210 764 Fol.
1229 723 1325 762 xcvm.
1344 723 1419 762 xctx.

551 899 591 940 to.
609 885 643 940 In
662 883 754 956 primis
770 895 898 938 statutum
916 883 1044 954 estquod
1062 883 1139 938 omni
1156 895 1275 954 tempore
1293 883 1409 938 maxime
1427 883 1520 938 diebus
1539 882 1631 937 martis
1648 895 1675 936 et

512 972 581 1044 jovis
598 971 643 1026 fiat
661 983 807 1027 mercatum
825 971 929 1042 publice
946 971 975 1025 io
993 970 1112 1042 Bugella

550 1127 590 1166 rt.
608 1111 680 1166 Item
697 1112 769 1182 quod
788 1121 933 1165 mercatum
943 1109 1017 1166 Bladi
1028 1109 1239 1182 Leguminorum
1257 1121 1284 1164 et
1301 1109 1362 1164 salis
1380 1108 1426 1163 fiat
1443 1110 1471 1163 in
1485 1108 1597 1180 plathcis
1606 1110 1674 1164 circa

513 1197 643 1271 palacium
661 1199 724 1253 dicti
742 1198 873 1252 comunis„

550 1373 589 1411 12.
607 1357 679 1412 Item
697 1357 842 1412 Mercatura
861 1357 1003 1411 bestiarum
1021 1354 1180 1410 bouinarum
1198 1372 1214 1408 a
1231 1355 1336 1426 plathea
1353 1367 1429 1426 porte
1453 1355 1576 1410 Andumi
1594 1373 1672 1426 supra

513 1461 602 1498 versus
620 1444 782 1498 Torraciam.

551 1598 590 1653 13.
609 1583 681 1638 Item
699 1582 770 1653 quod
789 1593 934 1636 mercatum
955 1581 1058 1646 ouium,
1086 1597 1222 1652 captarum
1252 1594 1279 1635 et
1296 1580 1407 1634 aliarum
1436 1581 1578 1635 bestiarum
1596 1581 1675 1636 stata

512 1671 581 1724 dicta
599 1669 703 1740 plathea
721 1686 804 1739 usque
821 1669 855 1722 od
873 1681 976 1739 portam
994 1669 1146 1739 passalaque
1164 1680 1190 1721 et
1207 1669 1235 1721 in
1254 1668 1322 1722 Ruta
1341 1685 1393 1739 que
1411 1680 1450 1722 est
1468 1669 1534 1721 circa
1560 1669 1673 1722 domum

513 1758 616 1811 domini
634 1756 736 1810 Alberti
754 1755 906 1826 passalaque
923 1767 950 1809 et
967 1757 1051 1808 eciam
1070 1755 1137 1809 inim
1154 1768 1216 1809 ante
1235 1757 1348 1810 domum
1365 1756 1473 1810 illorum
1504 1756 1538 1808 de
1556 1755 1673 1809 vercellis

513 1861 596 1917 usque
613 1845 647 1899 ad
665 1844 778 1899 domum
795 1843 904 1898 illorum
921 1843 955 1896 de
972 1843 1119 1898 nouellino.

551 2018 590 2070 14.
608 2003 681 2073 Item¹
697 2003 769 2073 quod
787 2002 934 2056 Mercatum
951 2002 1112 2072 porchorum
1139 2019 1195 2055 mse
1221 2003 1314 2056 debent
1340 2003 1443 2056 adleta
1469 2001 1573 2073 plathoc
1600 2013 1674 2072 porte

513 2091 637 2146 Andumi
654 2103 741 2145 vestus
759 2091 857 2144 dictam
875 2101 979 2161 portam
998 2091 1098 2144 eteius
1116 2101 1224 2144 costam.

536 2249 591 2318 'r5.
609 2248 681 2303 Item
699 2247 771 2320 quod
789 2259 935 2301 mercatum
953 2247 1112 2318 gallinarum
1130 2258 1157 2300 et
1174 2247 1286 2301 aliarum
1304 2245 1452 2301 volatilium
1470 2263 1501 2300 ac
1525 2245 1672 2301 saluasina-

512 2352 581 2400 rum,
599 2351 723 2400 ouorum,
741 2351 884 2406 pomorum
902 2346 930 2388 et
946 2335 1061 2389 aliorum
1082 2333 1215 2389 fructuum
1242 2334 1298 2388 ficri
1327 2335 1420 2388 debeat
1446 2345 1508 2388 ante
1535 2333 1672 2388 ecclesiam

513 2425 595 2476 sancti
611 2423 709 2494 Jacobi.

550 2561 590 2616 16.
609 2562 679 2616 Item
697 2562 769 2632 quod
788 2573 933 2615 mercatum
951 2573 1131 2615 castanearum
1161 2574 1187 2615 et
1206 2578 1304 2614 nucum
1323 2561 1368 2615 fiat
1385 2579 1401 2615 a
1420 2561 1520 2632 palacio
1549 2563 1672 2614 comunis

512 2649 579 2702 infra
598 2665 680 2719 tuque
698 2650 731 2702 ad
750 2648 863 2718 primam
882 2649 980 2702 Rutam
998 2665 1050 2718 que
1068 2661 1175 2701 vocatur
1193 2649 1226 2701 de
1244 2647 1381 2718 salinarijc

551 2822 590 2875 17.
609 2806 679 2860 Item
697 2805 769 2875 quod
787 2817 934 2858 mercatum
951 2805 1020 2874 galle
1038 2817 1064 2858 et
1081 2804 1238 2875 glandatum
1257 2805 1290 2858 sit
1308 2821 1324 2858 a
1341 2805 1410 2858 dicta
1429 2805 1497 2859 Ruta
1509 2805 1577 2859 insta
1589 2822 1672 2876 usque

512 2895 546 2948 ad
563 2893 643 2947 aliam
662 2893 811 2962 proximam
830 2892 936 2945 Rutam.

551 3051 590 3104 18.
609 3049 680 3104 Item
698 3050 769 3120 quod
789 3060 934 3102 mercatum
952 3065 1051 3102 caneue
1069 3049 1102 3102 sit
1120 3065 1135 3101 a
1155 3049 1223 3102 Ruta
1241 3067 1293 3120 que
1311 3051 1383 3103 vadit
1395 3067 1484 3103 versus
1497 3062 1600 3120 portam
1613 3051 1672 3104 Bet·

513 3137 568 3192 loni
587 3153 670 3207 usque
688 3137 720 3188 ad
738 3137 851 3188 domum
877 3134 985 3189 illorum
1014 3137 1047 3188 de
1074 3136 1226 3207 Alberterijs
1253 3155 1305 3207 que
1323 3150 1361 3190 ost
1379 3149 1440 3190 ante
1458 3138 1556 3191 dictam
1576 3137 1673 3192 Rutam

512 3225 620 3279 illorum
638 3225 672 3277 de
689 3223 818 3294 salinatijs
835 3223 869 3277 ab
887 3223 938 3277 alia
957 3235 1030 3293 parte
1048 3224 1098 3276 vie.

551 3401 590 3454 19.
609 3384 679 3438 Item
697 3383 769 3454 quod
787 3395 933 3436 mercatum
951 3383 1018 3434 casei
1037 3381 1082 3435 fiat
1100 3383 1128 3435 in
1147 3383 1279 3454 quarterio
1297 3383 1380 3436 sancti
1395 3383 1485 3452 Jacobi
1504 3401 1519 3436 a
1538 3385 1607 3437 dicta
1626 3401 1671 3438 cc-

513 3471 590 3525 clesia
609 3472 691 3524 sancti
707 3471 796 3541 Jacobi
816 3487 893 3540 supra
911 3485 993 3539 tuque
1012 3470 1044 3522 ad
1064 3470 1160 3524 dictam
1180 3470 1313 3540 platheam
1332 3481 1407 3540 porte
1425 3471 1555 3524 Andumi.

549 3644 590 3683 ao
610 3629 680 3684 Item
699 3629 770 3699 quod
789 3639 934 3680 mercatum
953 3627 1049 3697 pislum
1068 3627 1114 3681 fiat
1131 3645 1146 3681 a
1165 3627 1265 3698 palacio
1284 3629 1406 3683 comunis
1424 3646 1507 3699 usque
1531 3629 1563 3684 ad
1583 3628 1674 3682 locum

513 3716 558 3770 ubi
576 3716 617 3769 ius
635 3716 752 3769 redditur
769 3731 815 3785 per
832 3713 957 3768 officiales
974 3715 1078 3768 domini
1096 3715 1211 3785 episcopi
1230 3727 1256 3768 et
1274 3716 1395 3769 consules
1414 3714 1530 3787 Bugelle.

550 3889 591 3926 21.
610 3873 680 3926 Item
699 3872 771 3944 quod
788 3883 935 3925 mercatum
953 3871 1065 3925 telarum
1084 3872 1117 3925 sit
1136 3872 1163 3926 in
1182 3872 1313 3942 quarterio
1332 3872 1435 3927 berloni
1465 3889 1480 3925 a
1499 3873 1603 3942 plathea
1621 3889 1673 3944 que

513 3973 551 4014 est
569 3972 630 4014 ante
648 3961 761 4014 domum
779 3960 824 4014 ubi
842 3959 924 4013 teneri
943 3972 1135 4012 consueuerant
1153 3959 1372 4031 matuarieusque
1383 3960 1416 4014 ad
1429 3960 1526 4014 dictam
1539 3959 1673 4031 plathmm

514 4059 588 4118 porte
606 4047 738 4101 Andumi.

550 4217 591 4256 22.
611 4203 682 4258 Item
699 4204 771 4274 quod
790 4203 925 4258 venientes
943 4205 976 4258 ad
994 4215 1141 4259 mercatum
1152 4221 1213 4259 cum
1226 4205 1303 4260 rebus
1315 4206 1369 4260 suis
1381 4205 1512 4260 curialiter
1524 4219 1550 4260 et
1564 4205 1675 4262 fideliter

515 4290 619 4344 tractari
639 4291 751 4345 debeant
769 4307 815 4362 per
832 4292 956 4346 homines
973 4292 1007 4346 de
1033 4291 1151 4362 Bugella.
