3926 5542
480 747 829 820 INSCRIPTIONES
850 746 1172 820 NOTARIORUM.
1196 746 1253 839 (1)

286 938 360 990 1444.
380 925 404 976 8.
425 924 506 978 lunii.

318 1011 462 1066 Millesimo
481 1013 729 1084 qusttercentesimo
748 1013 950 1085 qundrngesimo
968 1027 1062 1084 quarto
1086 1011 1271 1068 indictione...
1290 1013 1333 1067 die
1351 1025 1448 1066 octauo

283 1101 381 1154 mensis
399 1101 466 1172 junij
487 1101 596 1155 Nobiles
614 1111 640 1154 et
657 1101 787 1172 sepientes
805 1101 854 1154 viri
872 1101 976 1155 domini
995 1100 1134 1156 lodouicus
1152 1100 1316 1156 moninus
1335 1113 1361 1154 et
1379 1101 1446 1154 bar-

281 1187 416 1242 tolomeus
435 1189 545 1259 Antonij
566 1187 663 1260 lerrarij
683 1190 716 1242 de
739 1188 848 1260 Bugella
866 1189 998 1243 Consules
1010 1188 1124 1258 Collegij
1139 1187 1315 1242 nottariorum
1328 1188 1448 1242 eiusdem

283 1276 334 1328 loci
354 1277 383 1330 in
401 1275 480 1346 pleno
500 1276 614 1347 Colegio
633 1277 666 1330 de
685 1277 804 1346 ipsorum
823 1277 950 1331 mandato
969 1289 1132 1348 congregato
1150 1275 1317 1347 Receperrmt
1335 1289 1361 1330 et
1378 1293 1449 1332 acee-

284 1377 424 1434 ptnuerunt
442 1363 586 1420 hodierne
605 1364 722 1418 blasium
741 1366 775 1418 de
793 1363 895 1419 ferreris
913 1378 1007 1420 natum
1025 1365 1129 1420 Nobilis
1148 1365 1275 1420 lobannis
1295 1363 1450 1420 desertoris

283 1454 317 1506 de
335 1453 444 1524 bugella
461 1453 491 1507 in
510 1452 673 1508 consocium
692 1453 810 1524 ipsorum
828 1465 855 1508 et
873 1453 987 1510 aliorum
1005 1454 1038 1508 de
1056 1453 1114 1524 ipso
1124 1453 1239 1525 Colegio
1251 1453 1449 1524 juxuiornram

284 1554 310 1594 et
328 1555 448 1596 tenorem
467 1542 586 1613 superius
603 1541 726 1596 limiutis
743 1543 777 1596 de
795 1542 892 1614 quibus
909 1553 1062 1612 preceptum
1080 1553 1120 1596 est
1138 1541 1274 1612 publicum
1292 1543 1450 1596 instrumen-

283 1641 341 1682 tum
360 1629 474 1684 Iohanni
492 1629 623 1684 Guliermi
642 1629 708 1684 secie
724 1630 759 1683 de
777 1629 887 1700 bugella
905 1641 970 1684 tunc
987 1629 1083 1700 noterij
1107 1629 1179 1684 curie
1198 1629 1310 1702 bugelle
1337 1647 1447 1702 presen-

284 1717 354 1770 tibus
372 1729 446 1787 petro
464 1732 564 1772 vemno
582 1729 609 1772 et
626 1717 757 1788 gulielmo
776 1729 877 1772 maaete
894 1717 1066 1772 seruitoribus
1092 1717 1175 1788 ipsius
1193 1715 1308 1788 Colegij.

1061 1839 1184 1894 banxtus
1206 1853 1242 1894 un
1264 1855 1414 1912 renuentis.

288 2015 362 2064 1444.
382 2015 406 2066 5.
429 1999 584 2052 Novembris.

321 2089 401 2139 Anno
420 2087 523 2140 domini
543 2086 686 2140 millesimo
705 2087 954 2156 quatercentessimo
972 2087 1188 2158 quadragessimo
1200 2100 1295 2160 quarto
1314 2088 1451 2143 indicione

285 2175 396 2244 septima
414 2174 459 2228 die
475 2175 558 2229 tercio
577 2176 675 2228 mensis
694 2175 856 2240 nouembris,
885 2175 972 2228 Hodie
989 2191 1067 2246 super
1084 2173 1182 2245 palatio
1200 2177 1323 2230 comunis
1342 2176 1451 2246 bugelle

286 2275 434 2317 conuocato
453 2261 568 2332 collegio
587 2263 752 2317 notariomm
772 2263 834 2316 dieti
853 2261 905 2316 loci
924 2261 1035 2334 bugelle
1052 2263 1162 2317 Nobiles
1180 2275 1206 2318 et
1224 2263 1328 2319 disereti
1346 2265 1395 2319 vlri
1414 2265 1451 2319 lu·

285 2351 396 2405 donicus
414 2352 447 2404 de
465 2351 620 2406 benodams
638 2363 664 2406 et
683 2351 867 2404 bartolomeus
884 2351 997 2422 Antonii
1017 2349 1114 2420 fanni
1134 2352 1257 2406 consuler
1268 2353 1332 2408 dicti
1343 2352 1449 2424 collegii

285 2442 318 2494 de
335 2439 472 2494 voluntate
483 2451 509 2493 et
522 2455 652 2494 consensu
666 2439 804 2494 Nobilium
817 2451 844 2494 et
858 2439 1031 2494 diserelomm
1046 2439 1164 2494 uirorum
1177 2439 1350 2496 dominorum
1368 2443 1451 2496 uberti

285 2529 437 2600 pussnlnque
455 2527 582 2582 Iohannis
600 2529 633 2582 de
652 2527 765 2599 ferrerijs
784 2527 862 2582 ottini
882 2527 973 2582 villani
993 2527 1105 2582 Tebaldi
1124 2529 1212 2600 grorni
1231 2529 1334 2583 Antoni
1347 2529 1451 2584 domini

286 2617 412 2670 Iohannis
430 2615 537 2686 ferrarii.
557 2615 640 2669 Tudei
660 2617 693 2670 de
710 2615 791 2670 cerllo
818 2615 945 2670 lobannis
972 2615 1006 2669 de
1023 2615 1105 2686 spinis
1123 2627 1149 2670 et
1177 2615 1339 2671 bartolomei
1357 2617 1452 2672 eutelle

286 2705 410 2758 omnium
429 2704 463 2758 de
483 2703 592 2776 bugella
611 2716 637 2758 et
655 2705 689 2758 de
706 2704 778 2758 dieto
796 2703 911 2775 collegio
929 2704 975 2775 qui
987 2721 1032 2757 me
1043 2703 1176 2774 gilardum
1188 2703 1382 2776 infrascriptum
1395 2723 1453 2760 exa·

287 2793 457 2848 minauenrnt
474 2805 501 2846 et
518 2794 737 2864 uppmbauerunt,
749 2792 914 2863 Receperunt
931 2809 976 2846 me
994 2791 1134 2846 Gilardunr
1152 2790 1238 2846 lilium
1251 2794 1316 2864 petri
1329 2793 1408 2848 sealie
1419 2794 1454 2848 de

290 2881 400 2952 Bugella
419 2881 447 2934 in
466 2881 621 2935 consocium
640 2882 757 2952 ipsorum
777 2891 803 2934 et
821 2879 935 2934 eliorum
954 2879 987 2934 de
1005 2879 1077 2934 dieto
1095 2879 1210 2951 collegio
1228 2881 1391 2952 presentibus
1408 2895 1451 2938 te-

287 2968 369 3023 stibus
387 2967 544 3023 Gulllielmo
563 2979 664 3022 maceta
683 2981 709 3022 et
727 2981 802 3039 petro
820 2985 920 3022 verono
939 2967 1110 3021 semitoribus
1128 2969 1199 3024 curie
1217 2969 1328 3038 bugella
1345 2981 1372 3024 et
1389 2969 1452 3024 dicti

287 3056 403 3126 collegii,
416 3055 557 3126 dequibus
576 3067 727 3126 preceptum
747 3054 796 3109 suit
814 3053 949 3126 publicum
968 3054 1175 3109 instrumentum
1189 3055 1272 3110 nobili
1284 3055 1453 3112 Banolomeo

286 3144 364 3199 scelie
382 3145 487 3199 noterio
504 3144 538 3198 de
556 3143 673 3216 Bugella.

1150 3231 1296 3289 Gnnnnus
1313 3245 1418 3288 mann

291 3409 366 3462 ¹444·
387 3411 410 3466 7.
430 3395 579 3451 nuestus.

395 3483 530 3538 Antonius
549 3483 618 3538 lilius
636 3482 773 3554 quondam
792 3481 889 3538 nobilis
907 3483 1038 3538 Iohannis
1056 3483 1089 3538 de
1116 3481 1267 3538 meseblrtis
1293 3481 1326 3538 de
1344 3479 1453 3554 bugelle

358 3573 478 3643 recipitur
496 3573 524 3624 iu
542 3571 654 3642 collegio,
675 3571 797 3626 lobunne
815 3571 849 3624 de
867 3569 979 3642 serretijs
996 3583 1023 3626 et
1041 3570 1177 3642 Stephano
1204 3569 1282 3625 scalis
1312 3570 1454 3626 consulibus

360 3660 469 3731 collegii
487 3671 513 3713 et
532 3659 650 3714 Vinniuo
668 3660 701 3714 de
720 3658 819 3728 Gatigo
839 3671 865 3713 et
884 3659 1015 3714 laurentio
1027 3659 1147 3730 scopatio
1158 3658 1327 3714 servitoribus
1338 3657 1454 3728 collegii,

360 3747 469 3812 testibus,
488 3753 578 3820 rogato
596 3748 762 3802 instrumento
779 3763 826 3818 per
843 3747 970 3802 Nobilem
989 3747 1111 3802 blasium
1130 3747 1164 3802 de
1191 3745 1303 3818 [σκιῆς
1321 3745 1454 3800 notarium

359 3833 473 3906 eottegij.
983 3827 991 3842 '

293 4008 368 4064 lm
387 3991 602 4138 sbsftxllglaortzeus
620 4079 709 4138 Gener
727 4081 846 4154 recipitur
865 4083 893 4134 in
912 4081 1014 4154 collegio
1032 4080 1142 4136 seruatis
1160 4079 1187 4134 in
1207 4079 1303 4134 talibus
1320 4081 1456 4134 semendis

361 4176 388 4224 ut
402 4179 449 4244 per
467 4171 661 4225 instrumentum
679 4169 840 4224 bartolomei
860 4169 949 4224 scalie.

315 4345 347 4400 (r)
362 4343 414 4386 Vide
428 4357 496 4400 suprs,
511 4343 566 4398 qnod
582 4343 776 4400 pronutiaeinrus,
791 4343 925 4387 adamum
941 4355 960 4396 t,
975 4343 1000 4385 ad
1014 4357 1060 4399 pag.
1076 4353 1122 4394 ²⁰5·
