3926 5542
1399 527 1448 582 205

282 640 410 694 tarionrm
428 652 454 694 et
473 641 577 712 collegij
592 639 767 694 scribandarie
785 639 818 692 de
836 655 888 710 qua
907 653 984 707 supra
1003 640 1106 694 mentio
1124 639 1154 692 fit
1166 639 1199 694 ad
1211 653 1322 692 omnem
1332 637 1449 708 ipsorum

282 729 388 800 plenam
407 729 621 800 intelligentiam,
640 729 744 792 Quibus
763 729 836 782 lectis
854 728 977 782 correctis
995 727 1160 798 vulgariratis
1178 739 1204 781 et
1231 726 1388 780 examinatis
1405 741 1451 795 per

282 819 400 888 superius
419 819 571 872 nominatos
589 829 616 872 et
633 835 711 888 super
730 818 791 887 ipsis
809 817 898 870 habita
916 817 1037 888 diligenti
1056 829 1083 871 et
1101 827 1204 870 matura
1221 815 1416 870 deliberacione
1424 825 1451 866 et

281 906 351 959 visso
370 907 441 976 quod
461 907 516 976 ipsa
534 917 629 959 statuta
648 917 674 958 et
692 905 877 960 ordinamenta
895 917 956 958 sunt
974 905 1047 958 vtilia
1065 917 1092 958 et
1120 903 1301 958 Rationnbilia
1328 917 1383 957 tarn
1402 917 1450 972 pro

282 993 384 1047 honore
403 995 519 1047 comodo
538 1006 564 1046 et
582 993 693 1046 utilitate
712 991 803 1063 prefati
825 992 998 1046 illustrissimi
1017 993 1121 1046 domini
1140 991 1243 1047 domini
1274 993 1356 1045 nostri
1376 991 1449 1044 ducis

282 1097 362 1152 quam
382 1081 463 1134 etiarn
482 1081 652 1134 comunitatis
670 1093 697 1134 et
715 1081 895 1134 mandamenti
915 1081 1093 1150 predictorum
1111 1097 1141 1132 ac
1159 1079 1325 1150 singularum
1355 1093 1448 1148 perso·

282 1185 375 1220 narum
395 1168 443 1237 ipsi
463 1167 566 1220 domini
587 1179 701 1238 potestas
719 1167 849 1220 clauarius
869 1181 895 1220 et
914 1167 1083 1220 consulesne
1102 1168 1232 1237 sapientes
1250 1167 1312 1220 dicti
1325 1165 1448 1219 comunis

281 1255 313 1308 ad
332 1257 384 1310 hoc
402 1254 488 1308 ellecti
507 1255 564 1308 vice
582 1257 693 1308 nomine
711 1265 737 1308 et
755 1255 787 1308 ad
806 1271 874 1325 opus
900 1255 1072 1308 numanitatis
1098 1255 1212 1326 predicte
1230 1255 1285 1324 ipsa
1312 1253 1404 1308 omnia
1421 1264 1448 1307 et

281 1341 386 1413 singula
404 1343 506 1396 Statuta
525 1343 699 1413 suprascripta
718 1341 888 1396 ratifficarunt
900 1343 1087 1412 emologarunt
1100 1343 1239 1396 laudamnt
1251 1353 1277 1396 et
1288 1343 1448 1412 aprobarunt

281 1433 343 1502 ipsis
361 1431 486 1484 omnibus
504 1431 675 1484 existentibus
694 1429 721 1483 in
740 1431 881 1483 concordia
899 1443 926 1484 et
938 1431 1047 1484 nemine
1058 1432 1221 1501 discrepante
1233 1430 1400 1500 precipiendo
1413 1430 1447 1484 de

281 1519 402 1590 predictis
421 1519 546 1572 omnibus
564 1517 620 1571 fieri
639 1530 665 1572 et
682 1519 767 1572 traddi
783 1534 866 1571 vnum
886 1531 912 1572 et
931 1518 1004 1588 plura
1023 1518 1143 1588 pubblica
1163 1519 1337 1572 instrumenta
1356 1518 1389 1570 ad
1403 1517 1446 1570 Sa·

281 1609 376 1678 picatis
394 1607 535 1660 dictamen.

317 1767 375 1837 Ego
393 1766 526 1820 Iohannes
544 1765 614 1820 filius
631 1766 767 1836 quondam
787 1765 898 1835 Antonii
919 1765 1036 1835 Tolegni
1054 1767 1087 1820 de
1106 1765 1210 1836 bugella
1229 1765 1348 1836 publicus
1366 1765 1447 1835 impe

282 1853 338 1908 riali
357 1855 511 1906 auctoritate
531 1853 649 1908 notarius
666 1854 802 1924 scribique
821 1853 944 1906 comunis
963 1853 1068 1922 bugelle
1086 1854 1207 1923 predictis
1225 1853 1330 1908 interfui
1350 1865 1376 1906 et
1394 1854 1446 1908 hoc

282 1941 488 1996 instrumentum
506 1943 574 1996 mihi
587 1945 690 2012 jussum
704 1943 822 2012 Rogatus
832 1944 944 1997 traddidi
958 1942 1091 1998 abreuiaui
1105 1943 1193 2012 scripsi
1207 1953 1233 1994 et
1246 1959 1288 1994 nte
1306 1942 1445 2014 subscripsi

281 2047 342 2084 cum
362 2031 513 2101 aposicione
532 2032 601 2085 soliti
621 2033 690 2102 signi
710 2033 772 2085 mei.
792 2033 835 2100 (1)

316 2204 358 2254 44.
378 2190 420 2258 (2)
440 2191 521 2243 Anno
539 2191 643 2245 domini
661 2205 781 2244 currente
809 2191 952 2244 Millesimo
979 2191 1230 2261 quatercentessimo
1256 2191 1445 2258 nonagtssimo

280 2288 398 2330 sextoet
417 2278 459 2330 die
478 2280 592 2332 secunda
611 2279 711 2331 mensis
730 2279 852 2348 januarii,
866 2279 1037 2349 Congregato
1055 2289 1081 2332 et
1099 2289 1247 2332 conuocato
1265 2278 1380 2348 collegio
1399 2295 1445 2330 no·

280 2365 406 2418 tariorum
427 2365 535 2434 Bugelle
553 2367 637 2436 Super
656 2365 752 2435 palatio
762 2367 824 2419 dicti
840 2368 962 2420 comunis
973 2379 1000 2419 vt
1013 2366 1096 2419 moris
1109 2377 1147 2418 est
1157 2367 1189 2418 de
1204 2365 1329 2418 mandato
1342 2366 1446 2434 Specta·

281 2451 339 2504 bilis
357 2465 383 2504 et
402 2453 523 2520 generosi
542 2453 590 2504 viri
609 2454 712 2506 domini
732 2453 851 2507 henrichi
871 2453 967 2524 ferrerij
979 2467 1005 2506 et
1015 2454 1118 2506 Nobilis
1131 2453 1259 2523 Jeronitni
1273 2453 1369 2524 ferrerij
1384 2470 1445 2507 con·

279 2539 368 2592 sulum
387 2539 501 2609 Collegij
522 2541 687 2594 notariorum
707 2541 824 2610 Bngelle.
844 2541 878 2596 In
897 2557 951 2612 quo
970 2543 1078 2612 quidem
1097 2541 1212 2612 collegio
1225 2541 1399 2594 interius-runt
1417 2553 1444 2596 et

280 2639 411 2696 presentes
429 2627 535 2682 suerunt
553 2627 717 2699 infrascripti.
736 2629 769 2682 Et
788 2629 875 2700 primo
893 2629 942 2700 ipsi
974 2629 1121 2699 spectabilis
1149 2629 1274 2682 dominus
1302 2629 1444 2684 henrichus

279 2714 376 2784 serrerij
396 2716 500 2770 Nobilis
515 2716 666 2785 Jeroninrus
684 2717 780 2786 ferrerij
801 2717 922 2770 consules
940 2719 1066 2770 dominus
1081 2717 1194 2787 Jacobus
1221 2717 1254 2770 de
1272 2719 1372 2786 grotnis
1391 2719 1444 2770 No·

280 2803 344 2857 biles
363 2803 509 2857 Bemardus
527 2804 605 2857 scalis
624 2803 765 2858 franciscus
783 2821 865 2874 gener
883 2805 975 2858 Petrus
993 2807 1026 2858 de
1045 2805 1107 2858 leria
1127 2805 1262 2858 Amedeus
1280 2806 1313 2859 de
1332 2805 1444 2876 ierrnrijs

279 2891 371 2944 Petrus
389 2893 422 2944 de
441 2892 573 2960 Maurizijs
588 2892 722 2961 Johannes
740 2893 887 2946 vincentius
908 2909 1043 2946 canazana
1062 2893 1173 2945 thadeus
1183 2893 1216 2946 de
1228 2893 1298 2945 carlo
1311 2904 1337 2946 et
1347 2893 1445 2962 Johan·

279 2991 356 3032 uetus
373 2979 407 3032 de
425 2979 528 3032 villanis
544 2979 709 3049 Johannetus
727 2997 809 3048 gener
827 2981 913 3034 Gilius
932 2980 1009 3033 scilia
1030 2980 1182 3032 Franciscus
1196 2982 1229 3033 de
1242 2979 1353 3034 iantono
1372 2981 1444 3034 Mon·

279 3066 366 3120 fredus
384 3068 417 3121 de
436 3067 581 3121 Mesthiatis
601 3067 741 3121 ludouicus
759 3069 792 3121 de
810 3069 914 3121 villanis
933 3067 1089 3120 Vincentius
1108 3067 1141 3120 de
1159 3069 1253 3136 quinto
1273 3069 1391 3121 Andreas
1410 3071 1443 3120 de

279 3155 391 3208 Villanis
409 3155 554 3218 Quiricltus
573 3155 684 3208 Bnttinni
701 3156 836 3225 Johannes
855 3155 871 3208 i.
890 3173 915 3226 q.
934 3156 1031 3208 nobilis
1051 3155 1229 3208 Bartholomei
1250 3155 1324 3224 spine
1344 3157 1442 3225 Augu·

277 3243 361 3297 stinus
380 3245 412 3296 de
431 3243 543 3313 serrarijs
562 3257 587 3296 et
606 3245 701 3296 Simon
720 3245 754 3296 de
772 3243 849 3296 carlo.
870 3245 899 3296 in
927 3261 982 3314 quo
1000 3245 1108 3313 quidem
1127 3244 1242 3312 collegio
1273 3243 1340 3296 inter
1358 3255 1443 3296 cetera

278 3329 343 3384 iacta
362 3330 410 3386 init
430 3330 603 3385 Refformatio
621 3343 649 3384 ut
666 3329 750 3385 inira:

313 3507 380 3562 Item
399 3507 591 3562 Relionnatum
610 3509 738 3580 estquod
759 3509 797 3563 Illi
818 3511 912 3582 notarij
933 3512 966 3565 de
984 3509 1099 3578 collegio
1118 3511 1238 3565 videlicet
1257 3523 1380 3581 quattuor
1393 3529 1443 3564 ser·

277 3595 379 3650 uientes
397 3597 430 3649 de
448 3607 536 3650 emero
554 3597 582 3651 in
602 3597 691 3650 officio
709 3597 837 3651 scribanie
855 3599 1030 3652 dominorum
1045 3600 1178 3670 potestatis
1192 3611 1217 3653 et
1231 3599 1318 3668 vicani
1334 3601 1441 3668 Rupe-lle

277 3697 303 3737 et
322 3684 503 3738 blandimenti
523 3697 663 3739 teneantur
681 3701 707 3738 et
726 3687 838 3740 debeant
856 3687 959 3740 soluere
979 3687 1110 3741 florenum
1130 3705 1212 3742 vnum
1232 3689 1374 3742 mediolani
1394 3709 1441 3760 pro

304 3983 331 4034 (t)
347 3981 400 4022 Hine
415 3993 527 4035 sequuntur
542 3983 683 4036 inscriptiones
699 3985 836 4036 receptionum
852 3985 976 4024 notariorum
992 3985 1046 4034 juata
1061 3985 1218 4038 dispositionem
1234 3989 1303 4026 statuti
1319 3987 1343 4026 ad
1355 4001 1398 4042 cap.
1417 3999 1440 4040 17

277 4067 318 4094 aon
333 4063 399 4094 tamea
414 4065 494 4092 servato
509 4055 605 4106 temporis
620 4055 691 4092 ordine
706 4055 740 4092 aed
756 4057 824 4106 potius
841 4056 865 4094 iia
881 4057 900 4094 irs
916 4055 967 4094 loeis
983 4057 1069 4094 insertae
1085 4070 1119 4108 qur
1134 4067 1261 4096 vacaverant.
1272 4057 1323 4104 sos.
1335 4069 1355 4098 ut
1366 4073 1439 4099 conre-

277 4123 353 4170 aiebat,
367 4139 401 4164 eaa
417 4126 436 4164 in
452 4126 543 4164 ordinent
558 4127 689 4174 dtgetttntus.
704 4137 727 4164 ae
741 4125 832 4164 exhibito
847 4135 925 4164 tantum
947 4127 1055 4165 cuiuslibet
1078 4127 1177 4166 iurmtrlae
1192 4141 1310 4180 specimine,
1326 4141 1441 4170 summatim

278 4195 380 4234 brentam
395 4206 466 4246 grana,
482 4197 625 4246 inscriptiones
641 4209 694 4246 ipo·
711 4209 729 4232 ιιι
746 4209 807 4232 unum
823 4209 964 4244 etrtrpttannns
981 4211 999 4234 ιιι
1016 4201 1054 4234 nne
1070 4207 1200 4234 statutorum.

302 4263 332 4316 (ι)
348 4263 406 4310 Quae
422 4265 573 4316 subsequuntur
595 4273 677 4310 statuta,
699 4277 734 4302 seu
757 4267 919 4310 rciorntrtionea.
942 4269 1048 4318 posteriori
1065 4279 1115 4304 aevo
1137 4267 1212 4314 ardna,
1228 4267 1285 4306 nullu
1302 4279 1392 4322 signatur
1406 4283 1441 4309 uu·

277 4345 334 4374 neto
348 4335 368 4374 in
383 4335 461 4374 codice.
476 4333 527 4382 Nor,
544 4335 691 4388 perspicuitatis
706 4335 778 4388 gratia,
794 4335 920 4384 adpetimus,
936 4345 1006 4374 secuto
1021 4337 1092 4374 ordine
1107 4349 1195 4388 pnomrn
1211 4347 1339 4376 statutorum.
