3978 5546
541 519 572 561 12

575 644 615 698 57.
634 629 701 682 ltem
719 641 848 684 statutum
866 641 905 683 est
923 630 996 700 quod
1013 645 1153 701 quousque
1182 628 1261 684 luerit
1273 629 1339 684 facta
1351 629 1488 700 responsio
1500 641 1527 684 et
1539 630 1631 685 datum
1644 645 1707 684 con·

536 718 642 772 sellium
660 734 738 788 super
754 718 888 789 proposita
906 716 973 772 sacta
991 735 1038 789 per
1051 717 1182 773 Consules
1191 717 1281 772 nullus
1291 717 1487 772 Credentiarius
1500 719 1594 772 debent
1605 717 1705 788 aliquid

535 805 608 860 aliud
626 823 775 876 proponere
792 806 836 861 uel
854 806 968 878 allegere
985 807 1044 861 sine
1062 807 1168 861 licentis
1197 806 1357 861 Consulum.
1385 807 1420 860 Et
1446 807 1493 877 qui
1523 805 1706 860 conuafeeerit

535 893 622 948 soluat
641 895 768 948 bannum.
787 895 836 948 sol
856 893 888 948 V.
908 911 951 966 pp
969 893 1005 948 Et
1023 894 1155 949 Consules
1173 907 1313 950 teneantur
1331 905 1453 948 excutere
1472 893 1519 948 illa
1540 895 1626 948 banna
1639 883 1707 948 sicut

536 981 588 1035 alia
606 993 632 1035 et
649 995 810 1054 antequam
829 996 924 1036 exeunt
941 983 976 1038 de
994 983 1131 1038 credentia
1150 981 1235 1038 facere
1253 983 1309 1053 ipsa
1331 983 1458 1036 acordari.

575 1123 615 1192 58.
633 1122 701 1178 ltetn
719 1135 847 1178 statutum
864 1137 905 1180 est
922 1125 995 1197 quod
1013 1125 1035 1179 si
1049 1137 1119 1178 carta
1128 1123 1216 1195 aliqua
1226 1123 1293 1178 lacta
1303 1124 1381 1178 luerit
1390 1123 1518 1178 habitarie
1528 1123 1585 1176 siue
1594 1121 1705 1176 alicuius

537 1211 644 1266 alterius
662 1211 723 1266 lacti
740 1229 793 1284 que
811 1213 940 1284 pertineat
958 1213 1068 1268 comuni
1087 1213 1201 1284 bugelle
1220 1214 1293 1285 quod
1311 1215 1367 1284 ipsa
1385 1225 1455 1267 carta
1474 1211 1576 1284 legatur
1594 1224 1620 1265 et
1648 1229 1707 1264 exa·
1815 1231 1821 1240 ·

537 1300 654 1355 minemr
670 1301 699 1354 in
717 1301 821 1372 publiea
839 1303 984 1356 credencin
1003 1319 1050 1356 seu
1068 1302 1097 1354 in
1116 1301 1252 1356 conscilio.
1271 1313 1297 1356 et
1309 1303 1331 1356 si
1345 1301 1469 1372 aprobatr
1482 1299 1568 1354 buerit
1582 1299 1706 1354 reddatur

536 1406 583 1460 per
599 1390 734 1444 notarium
753 1390 800 1461 qui
818 1407 878 1444 eam
897 1391 987 1445 lecerit
1004 1392 1029 1444 ei
1047 1389 1123 1444 cuius
1134 1389 1220 1444 fuerit.
1234 1389 1373 1462 Alioquim
1385 1391 1407 1444 si
1417 1387 1607 1444 contrafactum
1618 1386 1705 1442 luerit.

536 1479 570 1534 sit
587 1495 659 1532 cessa
677 1491 703 1533 et
720 1479 801 1534 irrita,
820 1479 931 1551 Insuper
949 1479 1068 1534 notarius
1085 1479 1131 1553 qui
1150 1491 1248 1534 cartam
1268 1477 1357 1534 fecerit
1375 1491 1480 1533 tenetur
1502 1479 1564 1532 dare
1588 1476 1704 1532 similem

536 1567 652 1622 eleuario
671 1569 794 1622 comunis
811 1569 961 1640 sumptibus
978 1568 1050 1622 illius
1068 1570 1114 1640 qui
1133 1586 1193 1624 enm
1212 1567 1319 1640 pecierit
1337 1585 1353 1622 n
1375 1567 1493 1622 comuni.
1522 1579 1548 1620 et
1575 1565 1705 1620 eleuarius

537 1669 643 1711 tenetur
660 1674 720 1710 eam
739 1673 837 1727 ponere
855 1657 884 1711 in
902 1658 1006 1712 scrineo
1025 1659 1148 1712 comunis
1166 1675 1227 1712 cum
1240 1657 1319 1711 sociis
1332 1656 1393 1712 suis.
1407 1657 1440 1710 Et
1452 1655 1571 1710 notarius
1584 1655 1630 1726 qui
1644 1671 1706 1708 con·

535 1745 665 1800 ruerem
682 1745 769 1800 soluat
789 1747 908 1800 bannum
927 1763 974 1818 pro
992 1747 1112 1818 quolibet
1130 1759 1156 1801 et
1174 1747 1291 1819 qualibet
1309 1747 1368 1800 uice
1386 1745 1435 1800 sol.
1453 1745 1512 1799 XX.
1531 1761 1573 1816 pp.
1592 1743 1626 1798 Et
1644 1760 1706 1798 con·

536 1833 607 1890 sules
624 1845 765 1890 teneanttu
782 1835 923 1906 inquirere

574 1992 614 2048 59.
634 1977 677 2047 (1)
695 1977 763 2031 ltem
781 1989 909 2032 statutum
927 1978 1056 2050 estquod
1075 1977 1163 2050 aliqua
1182 1995 1293 2050 persona
1312 1995 1364 2050 que
1382 1994 1437 2032 non
1451 1975 1484 2031 sit
1496 1977 1530 2031 de
1542 1973 1647 2048 bugella
1657 1990 1704 2028 seu

536 2079 639 2136 recepta
657 2065 685 2119 in
704 2067 881 2120 habitatorem
899 2067 1023 2120 comunis
1041 2067 1147 2138 bugelle
1168 2084 1223 2122 non
1251 2067 1347 2122 audeat
1372 2067 1414 2121 vel
1443 2077 1576 2138 presumat
1603 2065 1644 2118 lre
1670 2063 1703 2116 ad

535 2153 653 2226 aliquam
671 2155 894 2208 coadunationem
913 2171 959 2209 seu
979 2157 1201 2210 conuocationem
1214 2173 1266 2228 que
1284 2155 1330 2210 lirt
1348 2173 1394 2226 per
1411 2153 1575 2227 mnystmlias
1600 2154 1634 2206 ad
1662 2169 1704 2222 pe

535 2244 659 2297 titionem
679 2243 802 2298 comunis
820 2243 926 2313 bugelle
944 2245 1037 2298 sende
1055 2246 1181 2298 mandato
1203 2244 1345 2299 consulum
1373 2237 1416 2298 uel
1445 2242 1568 2298 comunis
1595 2241 1703 2313 predicti

535 2331 589 2385 loci
607 2329 650 2384 uel
669 2331 772 2384 ratione
790 2330 860 2384 dicte
876 2332 1055 2385 comunitatis
1074 2331 1108 2386 Et
1126 2333 1172 2402 qui
1185 2345 1277 2386 eontm
1296 2330 1385 2386 fecerit
1403 2330 1490 2387 soluat
1508 2347 1556 2402 pro
1584 2328 1704 2400 quolibet

536 2431 562 2474 et
580 2419 697 2490 qualibet
715 2420 772 2474 vice
790 2419 838 2474 sol.
858 2419 890 2474 V.
910 2433 936 2474 et
954 2421 1077 2475 consules
1095 2421 1167 2476 illius
1185 2422 1292 2492 paratici
1313 2423 1359 2493 qui
1373 2439 1419 2476 eos
1431 2420 1586 2474 admiserint
1598 2417 1704 2474 soluant

536 2525 584 2580 pro
602 2508 721 2579 quolibet
739 2520 765 2562 et
784 2508 901 2580 qualibet
917 2505 975 2563 vice
992 2509 1040 2564 sol.
1060 2510 1092 2564 ll

858 2793 906 2847 DE
926 2792 1073 2848 COMUNI
1093 2793 1258 2848 BUGELLE
1279 2825 1311 2832 —
1332 2794 1363 2847 R.
1374 2793 1419 2846 lll.

568 2985 612 3042 60.
631 2987 698 3042 Item
716 2998 844 3041 statutum
862 2999 903 3042 est
920 2987 993 3059 quod
1010 2986 1057 3059 qui
1075 3003 1131 3041 non
1153 2987 1263 3041 soluerit
1275 2985 1386 3040 comuni
1398 2987 1471 3058 quod
1484 2985 1604 3039 debuerit
1613 2985 1646 3038 sd
1655 2996 1704 3038 ter·

534 3077 640 3131 minum
658 3076 708 3130 sibi
728 3077 900 3147 assignatum
913 3077 971 3131 siue
982 3077 1010 3130 in
1023 3077 1208 3131 instrumentis
1221 3077 1382 3130 ordinatum
1396 3075 1468 3146 quod
1481 3075 1574 3128 omnia
1588 3075 1703 3145 dampna

534 3179 561 3221 et
578 3183 706 3237 expensse
723 3182 776 3239 que
794 3165 858 3220 fient
876 3167 1021 3220 occaxione
1038 3165 1110 3220 illius
1129 3167 1218 3220 debiti.
1237 3167 1333 3219 rudant
1351 3181 1429 3236 super
1446 3164 1494 3218 illo
1512 3165 1559 3235 qui
1578 3181 1633 3217 non
1652 3162 1702 3216 sol·

532 3255 610 3311 uerit.
628 3255 663 3310 Et
680 3255 726 3328 qui
744 3255 845 3310 dederit
862 3255 971 3328 aliquod
990 3257 1086 3328 pignus
1104 3255 1220 3309 clauario
1243 3255 1355 3308 nomine
1372 3255 1503 3308 comunis.
1517 3265 1637 3307 teneatur
1649 3267 1703 3324 pre

533 3345 635 3400 dictum
653 3345 751 3416 pignus
768 3343 853 3399 lacere
870 3345 973 3399 bonum
993 3361 1076 3416 usque
1094 3345 1127 3398 ad
1146 3344 1321 3416 quantitatem
1340 3357 1387 3414 pro
1405 3359 1457 3413 qua
1475 3343 1503 3396 id
1522 3341 1630 3396 dederit

567 3485 610 3542 61.
629 3487 697 3540 Item
715 3498 845 3541 stamtum
862 3499 902 3541 est
919 3487 992 3558 quod
1010 3487 1057 3558 qui
1075 3486 1156 3541 luerit
1168 3499 1240 3540 extra
1254 3485 1389 3558 bugellnm
1401 3500 1450 3556 pro
1462 3484 1550 3556 aliqua
1562 3483 1701 3538 ambaaata

533 3576 665 3630 comunis
684 3577 780 3630 babeat
797 3575 846 3630 sol.
865 3576 935 3629 xvt.
956 3593 997 3647 pp.
1017 3592 1065 3646 pro
1083 3575 1202 3646 quolibet
1221 3591 1284 3629 curn
1302 3591 1380 3646 equo.
1400 3587 1426 3628 et
1445 3592 1499 3628 non
1519 3573 1585 3644 plus.
1614 3573 1648 3626 Et
1679 3573 1701 3625 si

533 3665 634 3719 venerit
653 3681 684 3718 m
702 3665 745 3719 die
763 3681 816 3736 qua
834 3664 912 3718 iuerit
929 3665 1025 3718 habent
1043 3663 1091 3717 sol.
1111 3663 1194 3717 Vllll.
1213 3681 1256 3734 pp.
1274 3664 1308 3717 Et
1335 3680 1390 3716 non
1419 3664 1500 3734 possit
1527 3679 1576 3716 nee
1608 3661 1701 3715 debeat

532 3753 582 3806 sibi
600 3751 657 3806 fieri
675 3752 764 3825 aliqua
781 3751 865 3807 aditio
883 3751 951 3806 ultru
969 3753 1099 3822 predictos
1117 3752 1166 3805 sol.
1184 3752 1242 3806 llll.
1261 3768 1304 3822 pp.
1326 3753 1377 3822 ().

568 3894 611 3948 62.
629 3896 697 3949 Item
715 3905 844 3948 statutum
861 3905 901 3946 est
919 3893 992 3964 quod
1010 3894 1056 3964 qui
1076 3892 1156 3948 luerit
1173 3905 1246 3947 ertru
1265 3892 1399 3963 bugellam
1426 3891 1549 3945 videlicet
1578 3891 1660 3964 longe
1687 3909 1702 3946 a

535 3985 595 4038 loco
614 3983 720 4055 bugelle
738 4000 784 4054 per
801 4000 887 4038 unum
906 3983 1009 4036 miliare
1026 3982 1084 4036 sine
1102 3999 1172 4053 equo
1185 3983 1213 4036 in
1226 3982 1339 4044 seruitio
1351 3981 1475 4035 comunis
1487 3981 1583 4035 habeat
1594 3981 1643 4036 sol.
1656 3983 1702 4036 lll.

561 4213 589 4265 (ι)
604 4211 656 4267 Cep.
672 4223 696 4264 59
711 4213 813 4267 posterius
827 4212 925 4267 seriptum
938 4212 1035 4260 rideturp
1047 4225 1096 4252 narn
1109 4211 1196 4253 initialis
1208 4213 1253 4264 eius
1267 4210 1334 4252 littera
1348 4223 1390 4251 non
1404 4221 1436 4252 est
1449 4211 1541 4252 ministr.

561 4285 589 4336 (r)
604 4283 668 4339 Sapra
682 4283 758 4326 verber
774 4283 798 4324 Β
811 4295 848 4325 ιη
859 4285 919 4338 pessit
931 4297 963 4324 rur
978 4283 1066 4324 debent...
1081 4293 1121 4324 ete.
1135 4295 1187 4337 quse
1201 4283 1303 4337 posterius
1328 4283 1406 4334 adjeets
1428 4284 1531 4330 videntur.
1542 4283 1641 4337 scriptura
1655 4292 1695 4325 este

536 4355 604 4396 l'arat.
