3958 5540
1397 531 1427 586 71

303 661 361 716 371·
379 645 447 698 ltem
466 655 594 697 statutum
612 655 651 697 est
669 644 742 714 quod
769 643 857 713 aliqua
885 655 996 710 persona
1024 655 1079 694 non
1109 640 1186 692 ducat
1215 655 1263 692 uec
1281 639 1341 692 duci
1360 638 1433 692 satiat

267 733 366 804 aliquas
384 733 479 786 bestias
497 732 530 784 ad
548 732 709 801 pascendum
728 732 755 784 in
774 729 865 800 aliquo
883 729 943 782 loco
961 729 990 782 in
1009 727 1135 781 clausuris
1153 727 1229 798 placij
1249 740 1276 780 et
1295 727 1366 796 plani
1388 729 1434 780 bu-

267 821 343 892 gelle.
361 837 410 874 nec
429 821 457 873 in
476 819 579 874 fossatis
597 819 639 888 (r)
658 831 684 872 et
702 819 816 888 ripaticis
836 817 1004 870 interioribus
1022 828 1048 869 et
1075 815 1247 870 exterioribus
1265 815 1317 884 (1).
1336 815 1369 868 Et
1387 815 1433 885 qui

267 908 447 962 contrafecerit
464 908 550 961 soluat
568 909 687 960 bannum
705 923 753 977 pro
772 905 888 976 qualibet
907 905 987 958 bestia
1006 905 1054 957 sol.
1074 903 1107 977 lb·
1127 921 1168 974 pp.
1188 905 1230 973 (a)
1249 916 1276 956 et
1295 903 1317 956 si
1336 903 1434 958 saraim

267 998 359 1050 decem
377 1009 403 1050 et
421 1013 436 1049 a
454 997 546 1048 decem
565 989 684 1066 superius
702 993 788 1047 soluat
806 993 855 1046 sol.
874 993 931 1046 XX.
951 993 994 1062 (3)
1013 1009 1055 1062 pp.
1074 1004 1101 1044 et
1119 991 1229 1062 quilibet
1249 991 1331 1061 possit
1348 1007 1435 1046 accus

268 1101 324 1138 aare
342 1096 369 1137 et
386 1085 550 1138 denuntiare.
562 1084 597 1136 Et
614 1082 737 1136 consules
755 1093 862 1136 teneant
880 1093 1043 1134 accusatores
1061 1080 1296 1134 etdenuntiatores
1310 1081 1434 1150 priuatos

307 1239 364 1294 372.
384 1225 426 1294 (4)
439 1224 506 1278 ltem
518 1225 709 1278 ordinauerunt
721 1223 793 1294 quod
807 1223 938 1293 eligantur
951 1221 981 1276 C.
997 1219 1105 1275 clientes
1118 1221 1174 1274 siue
1187 1233 1321 1275 struentes
1333 1223 1365 1275 de
1378 1237 1435 1291 pro-

269 1311 385 1366 bioribus
403 1325 470 1366 terre
488 1329 536 1383 pro
555 1313 689 1366 tensandis
706 1313 791 1366 stratis
810 1311 913 1364 domini
932 1311 1062 1381 Episcopi.
1083 1323 1108 1363 et
1127 1311 1250 1364 comunis
1263 1309 1376 1380 bugelle.
1389 1310 1435 1380 qui

268 1399 393 1454 obediant
411 1402 542 1454 mandatis
561 1400 710 1455 consulum.
738 1401 772 1454 Et
789 1399 935 1453 offensores
964 1411 1103 1452 stratarum
1124 1397 1227 1452 domini
1247 1387 1365 1468 episcopi
1383 1413 1437 1450 me

270 1489 364 1540 morati
385 1490 485 1558 possint
503 1505 594 1558 capere
613 1501 639 1542 et
658 1488 793 1542 offendere
810 1489 928 1558 impune.
948 1487 998 1540 nisi
1016 1487 1078 1539 dicti
1092 1487 1260 1539 derobatores
1273 1484 1437 1538 offenderent

270 1575 361 1628 dantes
380 1577 579 1630 merchandiam
598 1576 738 1631 rebellibus
756 1577 819 1630 dicti
838 1575 941 1630 domini
960 1575 1050 1628 nostri.
1062 1575 1096 1628 Et
1107 1587 1241 1628 currentes
1259 1591 1337 1644 super
1355 1573 1437 1643 ipsius

274 1673 378 1718 terram.

312 1819 370 1876 373.
389 1804 455 1858 Item
474 1817 602 1860 statutum
621 1817 647 1858 et
666 1805 818 1859 ordinatum
837 1804 886 1859 luit
904 1805 975 1876 quod
994 1805 1081 1875 aliqua
1100 1820 1210 1874 persona
1223 1803 1256 1857 de
1268 1801 1381 1873 bugella.
1392 1817 1438 1856 seu

271 1907 343 1949 stans
361 1894 404 1948 uel
422 1895 544 1948 habitans
562 1895 590 1947 in
610 1893 723 1963 bugella
742 1910 798 1947 non
817 1894 912 1946 audeat
930 1893 972 1946 uel
991 1905 1125 1963 presumat
1149 1893 1210 1946 dare
1228 1909 1274 1944 seu
1287 1890 1342 1945 dari
1355 1890 1440 1944 facere

272 1983 479 2036 Merchandiam.
490 1999 537 2036 seu
556 1982 722 2036 conscilium.
735 1982 865 2035 auxilium
879 1981 922 2034 uel
941 1980 1060 2035 fauorem
1073 1982 1228 2035 hominibus
1241 1979 1379 2034 Salurolie.
1390 1995 1439 2032 nec

272 2069 350 2122 alicui
369 2070 442 2123 alteri
461 2083 529 2124 terre
548 2071 591 2123 uel
610 2087 721 2139 persone
740 2069 830 2122 rebelli
850 2069 981 2124 Comunis
1000 2069 1113 2140 bugelle.
1127 2087 1173 2123 seu
1194 2067 1298 2122 facienti
1309 2067 1439 2122 Guerram

275 2159 384 2212 comuni
402 2171 428 2212 et
446 2159 602 2212 hominibus
620 2159 653 2211 de
672 2158 786 2228 bugella.
805 2175 853 2212 nee
872 2159 910 2211 ire
928 2159 962 2212 ad
980 2159 1062 2212 dictas
1080 2171 1168 2212 terras.
1187 2169 1213 2211 et
1232 2158 1278 2228 qui
1297 2169 1388 2210 contra
1407 2155 1441 2208 le-

275 2245 347 2300 cerit.
366 2259 492 2316 perpetuo
511 2246 544 2300 sit
562 2257 701 2315 exemptus
719 2257 745 2298 et
757 2257 889 2299 extractus
903 2247 936 2298 ab
949 2245 1075 2300 omnibus
1087 2245 1234 2298 honoribus
1247 2256 1273 2298 et
1285 2243 1441 2298 utilitatibus

275 2347 301 2388 et
319 2333 413 2403 officijs
431 2334 554 2388 comunis
583 2334 697 2404 bugelle.
724 2333 764 2386 Ita
781 2335 854 2405 quod
882 2347 1007 2404 perpetuo
1035 2351 1091 2386 non
1119 2333 1266 2386 habeantur
1283 2349 1332 2386 nec
1350 2333 1440 2386 haberi

275 2423 356 2492 possit
374 2439 421 2492 pro
441 2423 531 2476 uicino
550 2421 592 2474 uel
612 2422 760 2475 habitatore
778 2423 901 2476 comunis
919 2421 1032 2492 bugelle.
1052 2438 1100 2475 nec
1120 2433 1245 2492 perpetuo
1276 2421 1357 2492 possit
1376 2419 1440 2490 poni

277 2511 304 2564 in
324 2511 463 2564 credentia
482 2511 554 2580 quod
574 2510 595 2563 si
614 2509 659 2564 liar
678 2509 765 2581 aliqua
784 2511 867 2580 gratia
886 2523 977 2588 conam
996 2511 1142 2580 predictum
1155 2522 1291 2562 statutum.
1304 2509 1355 2562 nisi
1369 2509 1440 2579 prius

261 2599 382 2653 soluerit
400 2597 510 2652 comuni
532 2597 645 2668 bugelle.
674 2598 732 2651 libr.
760 2598 845 2668 pr.
864 2615 912 2669 pro
930 2597 1050 2670 quolibet
1078 2610 1104 2651 et
1121 2598 1238 2668 qualibet
1256 2598 1322 2650 uice.
1342 2595 1441 2650 Soletis

275 2686 370 2741 bannis
388 2685 511 2740 consules
529 2685 630 2756 possint
648 2703 744 2740 omnes
761 2686 789 2738 in
809 2687 950 2740 concordia
969 2702 1067 2756 ponere
1079 2686 1108 2738 in
1126 2685 1258 2738 credentia
1271 2697 1297 2739 et
1309 2685 1441 2738 credentia

276 2774 358 2845 possit
376 2787 466 2845 postea
484 2790 547 2828 cum
566 2773 623 2844 ipso
642 2775 792 2844 dispensare
810 2775 831 2828 si
851 2774 973 2828 uoluerit.
992 2790 1047 2845 quo
1066 2775 1099 2826 ad
1117 2773 1233 2828 bonores
1252 2784 1279 2827 et
1296 2773 1355 2826 alia
1375 2774 1440 2827 dum

275 2863 358 2916 modo
376 2864 429 2916 due
447 2874 532 2932 partes
550 2863 603 2916 sint
621 2863 649 2916 in
667 2863 817 2916 concordia.
837 2875 863 2916 et
881 2879 937 2916 non
955 2863 1037 2916 aliter.
1057 2863 1090 2916 Et
1108 2861 1230 2916 consules
1248 2873 1387 2916 teneantur
1404 2862 1442 2915 in·

277 2951 381 3022 quirere
398 2952 502 3021 quoties
529 2949 607 3004 luerit
633 2951 672 3004 eis
690 2951 884 3005 denuntiatum.
912 2964 939 3004 et
957 2962 1046 3006 tenere
1068 2951 1267 3004 denuntiatores
1285 2963 1311 3004 et
1329 2967 1444 3004 accussa-

276 3051 346 3092 tores
364 3039 487 3109 priuatos.
507 3051 534 3092 et
551 3039 749 3092 denuntiatores
767 3051 793 3092 et
811 3053 974 3093 accusatores
993 3039 1107 3092 habeant
1125 3040 1234 3091 terciam
1248 3051 1348 3108 partem
1361 3039 1442 3092 banni

277 3128 365 3180 excusi
385 3127 437 3196 (5).
456 3139 483 3180 et
501 3128 583 3198 possit
600 3127 629 3180 in
648 3128 737 3180 eundo
750 3139 776 3180 et
789 3129 925 3182 redeundo
937 3129 1048 3198 impune
1061 3127 1142 3180 libere
1155 3127 1275 3180 derobari
1288 3139 1315 3181 et
1327 3126 1442 3198 spoliari.

277 3227 304 3268 et
322 3215 391 3268 bona
409 3214 496 3268 ablata
513 3227 540 3268 et
558 3215 682 3269 derobata
701 3216 754 3270 sint
772 3215 931 3270 aufferentis.
950 3209 1025 3285 (5).'

316 3370 373 3424 374.
393 3355 460 3408 ltern
479 3367 606 3410 statutum
625 3369 651 3410 et
669 3356 821 3410 ordinatum
840 3355 888 3410 luit
907 3357 978 3428 quod
997 3355 1085 3428 aliqua
1104 3372 1214 3426 persona
1227 3357 1260 3410 de
1273 3353 1379 3426 bugella
1398 3374 1443 3410 seu

278 3457 349 3497 stans
367 3443 410 3497 uel
438 3443 559 3497 babitans
589 3445 616 3498 in
649 3445 753 3514 bugella
781 3461 836 3498 non
864 3445 959 3498 audeat
977 3445 1019 3498 uel
1040 3457 1172 3516 presumat
1199 3445 1231 3497 de
1250 3457 1337 3498 cetero
1355 3444 1393 3498 ire
1411 3445 1444 3498 ad

280 3531 453 3585 habitandum
473 3531 625 3586 saluzoliam
645 3550 693 3586 nec
712 3533 744 3586 ad
763 3533 879 3604 aliquem
893 3533 982 3586 locunt
1001 3532 1129 3586 rebellum
1148 3549 1194 3586 seu
1214 3531 1352 3586 facientem
1371 3550 1446 3602 guer-

280 3636 337 3672 ram
356 3617 475 3672 Comuni
495 3631 521 3672 et
539 3619 695 3674 hominibus
713 3621 746 3674 de
764 3619 877 3690 bugella.
897 3633 923 3674 et
941 3621 988 3690 qui
1006 3621 1039 3673 de
1058 3634 1145 3675 cetero
1164 3621 1262 3674 steterit
1292 3623 1336 3675 uel
1354 3635 1444 3674 contra

279 3706 368 3760 lecerit
380 3707 455 3760 cadat
466 3708 499 3761 ab
512 3707 588 3760 omni
600 3708 657 3761 iure
669 3707 741 3778 quod
752 3709 831 3762 babet
840 3721 866 3761 et
876 3709 972 3761 habere
982 3721 1069 3778 posset
1078 3709 1107 3762 in
1120 3710 1193 3762 terris
1202 3721 1228 3762 et
1238 3710 1445 3778 possessionibus

280 3811 310 3850 ac
323 3795 399 3850 bonis
412 3794 556 3850 mobilibus
565 3808 591 3849 et
599 3795 783 3850 immobilibus
795 3813 847 3866 que
859 3796 966 3850 haberet
978 3809 1079 3850 teneret
1091 3797 1242 3868 possideret.
1254 3813 1332 3866 super
1345 3796 1445 3850 territo·

306 4077 334 4132 lt)
351 4079 378 4132 (ι)
394 4075 459 4119 Verba
473 4089 545 4133 postu
559 4079 646 4132 adjecta.

308 4151 335 4200 (a)
352 4149 406 4189 lnter
420 4149 484 4189 lineas
499 4161 591 4191 notatum
605 4161 650 4191 cst:
666 4147 844 4191 ucccxxvltll.

308 4221 335 4270 lp]
351 4219 411 4259 Num.
429 4221 474 4260 XX.
491 4221 537 4261 loco
552 4235 572 4260 u.
589 4221 614 4261 X.
630 4223 664 4274 qui
680 4233 739 4262 antea
754 4225 837 4270 inesset,
854 4222 961 4274 inscriptus
977 4227 1015 4260 cst·

309 4291 338 4340 (4)
349 4289 408 4343 Juxta
423 4293 519 4344 scriptum
534 4301 576 4331 est:
595 4290 660 4330 l'acal.

309 4361 336 4412 (ς)
350 4363 381 4412 (5)
397 4359 463 4402 vert·
477 4372 549 4416 postea
563 4363 638 4414 adjeta.
