3978 5546
255 559 262 574 ι
1441 515 1474 570 ⁴1

315 623 442 694 sumni
461 623 609 680 bornuni
626 637 654 679 et
666 641 682 679 ι
693 621 835 694 campuli
847 623 930 678 suoi
947 623 1069 694 sepum
1087 639 1171 696 nque
1182 623 1215 678 ro
1227 623 1340 678 tomum
1348 621 1478 694 Jonmu

315 711 437 782 borgtsij.
456 723 483 766 et
509 711 556 783 qui
582 723 674 767 contrn
698 711 787 766 lecerit
812 709 899 766 solun
916 727 964 783 pro
982 709 1099 784 quelibet
1116 711 1175 766 uice
1192 711 1242 767 tol.
1260 711 1293 768 li.
1312 727 1354 783 pp.
1372 723 1400 766 et
1417 727 1478 766 con·

314 799 384 852 sities
401 813 457 854 non
475 799 578 870 poeuint
595 799 658 854 dare
675 799 818 854 licentium.

350 951 410 992 nno
428 938 496 992 ltern
514 939 587 1010 quod
604 937 692 1011 ulique
709 955 821 1010 persone
838 939 872 994 de
889 937 995 1010 bugells
1012 954 1069 994 non
1079 940 1174 994 nudent
1191 937 1273 994 sicone
1290 955 1340 994 noc
1357 939 1434 994 sicori
1444 937 1478 992 ln·

313 1043 373 1080 cere
389 1025 497 1098 aliquod
516 1025 624 1082 blndurn
642 1025 671 1080 in
682 1026 806 1082 dontibtn
819 1026 862 1080 uel
880 1025 981 1082 munis
997 1041 1050 1098 que
1067 1042 1123 1081 non
1135 1027 1188 1082 sint
1199 1027 1343 1098 coltoperte
1354 1027 1388 1081 de
1396 1027 1478 1098 cupis.

314 1114 403 1186 etqui
422 1125 514 1168 contro
532 1113 622 1168 lecerit
639 1113 727 1170 solunt
744 1131 793 1185 pro
810 1113 929 1186 quolibet
947 1125 973 1166 et
991 1111 1107 1184 quelibet
1125 1114 1184 1168 uice
1202 1113 1251 1168 sol.
1269 1113 1327 1168 XX
1346 1129 1389 1185 pp.

350 1268 410 1308 ιιι.
428 1253 497 1309 Item
514 1266 643 1309 statutum
661 1255 790 1326 estquod
809 1254 898 1326 eliqua
916 1271 1027 1326 persons
1045 1270 1101 1309 non
1119 1255 1215 1308 nudent
1232 1253 1275 1308 uel
1294 1265 1427 1325 presumat
1444 1251 1479 1308 fn·

314 1358 373 1396 cere
390 1341 507 1413 eliquont
524 1358 646 1398 summm
664 1341 707 1396 uel
726 1342 837 1396 fetorem
855 1359 905 1398 nec
922 1341 1130 1414 elnytnmentum
1149 1359 1196 1396 seu
1208 1341 1353 1396 etherium
1367 1357 1479 1396 noesse-

314 1429 368 1484 lnre
385 1429 427 1484 vel
446 1429 550 1484 urinum
569 1429 653 1484 iecere
671 1445 752 1502 prope
771 1441 858 1501 portes
876 1429 994 1500 publicus
1011 1427 1083 1501 pinni
1102 1441 1129 1484 et
1146 1429 1232 1501 plucij.
1245 1446 1262 1482 o
1273 1429 1478 1500 purteexteriori

314 1534 363 1572 nec
381 1517 499 1572 interiori
518 1535 564 1588 per
581 1535 627 1572 sex
644 1519 754 1590 perticas
772 1519 862 1590 etqui
881 1530 973 1573 contre
991 1517 1178 1573 feceritsolutt
1190 1535 1238 1590 pto
1250 1517 1406 1590 quolibetet
1417 1534 1480 1591 qun·

314 1605 377 1660 libet
394 1607 459 1660 vice
477 1605 526 1660 sol.
545 1605 578 1660 V.
597 1618 624 1660 et
641 1605 752 1678 quilibet
769 1606 851 1678 possit
868 1621 990 1661 occusne
1007 1605 1129 1677 pubblice
1147 1619 1173 1660 et
1191 1605 1323 1678 priuatirn

349 1761 409 1802 222.
427 1747 496 1802 ltem
513 1757 642 1802 statutum
659 1747 788 1819 estquod
806 1745 894 1818 aliquo
911 1763 1024 1818 persone
1042 1763 1098 1801 non
1117 1746 1199 1818 possit
1217 1762 1267 1800 noc
1284 1747 1378 1802 debent
1395 1745 1480 1802 ficte

313 1835 429 1907 aliquem
441 1835 553 1890 domurn
567 1833 611 1888 uel
623 1835 740 1890 moinum
752 1846 886 1906 copemm
904 1833 938 1888 cle
953 1833 1034 1904 paleis
1045 1851 1061 1888 a
1073 1847 1149 1906 porto
1166 1835 1223 1906 ripe
1234 1850 1318 1906 usque
1329 1833 1362 1888 nd
1375 1847 1479 1906 portem

314 1923 459 1978 roncilinsci
478 1939 559 1994 prope
577 1923 648 1978 virm
678 1921 828 1992 pubblicum
847 1939 893 1992 per
910 1921 968 1977 XV.
987 1923 1074 1992 pedes.
1094 1933 1120 1976 et
1139 1921 1178 1975 illi
1207 1921 1253 1992 qui
1280 1922 1363 1977 modo
1381 1921 1480 1978 habent

313 2025 430 2083 copertos
457 2012 490 2065 de
523 2011 603 2081 paleis
632 2022 771 2064 tenuntur
789 2009 875 2080 polens
902 2023 1051 2080 exportnsse
1069 2009 1137 2064 iniro
1155 2009 1252 2064 festum
1271 2011 1353 2064 suncti
1371 2009 1477 2081 Eusebij

313 2099 434 2170 proximi.
453 2111 479 2152 et
497 2099 543 2169 qui
570 2097 751 2152 contrafecerit
778 2097 864 2152 solunt
891 2114 939 2168 pro
967 2098 1084 2169 quolibet
1103 2098 1159 2151 vice
1177 2114 1230 2168 quo
1249 2111 1383 2152 accusatus
1401 2097 1479 2152 fuerit

312 2186 361 2242 sol.
379 2187 438 2242 xx.
456 2199 482 2240 et
500 2203 549 2257 pro
566 2185 682 2258 quelibet
700 2185 900 2256 edomitisque
917 2197 1018 2240 teneret
1036 2197 1127 2256 postea
1146 2185 1195 2239 sol.
1214 2185 1247 2239 X.
1265 2198 1293 2240 et
1310 2183 1480 2240 cumulare·

312 2285 424 2330 netntm
442 2275 575 2346 inquirere
591 2275 719 2346 quociens
737 2273 816 2328 luerit
833 2274 872 2328 eis
889 2273 1077 2330 denuntiatum
1095 2273 1139 2328 uel
1157 2273 1190 2328 ed
1208 2289 1406 2330 oommeurem
1425 2289 1478 2346 pet·

312 2362 421 2418 unierit

348 2536 408 2594 ²²3·
426 2521 470 2594 (1)
486 2523 556 2578 ltem
573 2523 669 2578 eodem
687 2523 771 2578 modo
788 2535 866 2595 prout
879 2521 907 2576 in
919 2521 1069 2594 precedenti
1081 2522 1205 2594 proximo
1216 2533 1315 2577 sttmto
1327 2519 1479 2577 continetur

311 2621 438 2666 sttuttunt
456 2623 496 2666 est
513 2623 544 2666 ut
561 2611 654 2666 debent
671 2613 705 2668 de
722 2625 810 2666 cetero
828 2610 857 2665 in
882 2610 1009 2666 omnibus
1035 2611 1169 2666 obserutri
1196 2609 1335 2682 epitriton
1352 2609 1386 2664 cle
1403 2625 1478 2664 roere

312 2714 395 2770 usque
412 2699 446 2754 td
463 2699 593 2771 putheurn
624 2699 718 2754 bonini
735 2700 769 2754 de
795 2699 876 2754 bnrbo
894 2713 921 2754 et
938 2715 954 2754 u
971 2699 1041 2754 dicu
1068 2698 1172 2770 plutbet
1190 2699 1224 2754 dc
1251 2715 1325 2754 roere
1343 2699 1477 2770 usquead

312 2784 424 2840 domurn
441 2787 563 2842 albertini
581 2787 665 2842 Morte
691 2805 769 2858 super
795 2787 866 2842 vitm
893 2803 946 2858 qun
963 2787 1016 2842 itur
1033 2787 1061 2840 in
1089 2786 1207 2857 pinnum.
1225 2799 1253 2841 et
1280 2786 1376 2842 eodem
1394 2786 1477 2841 modo

311 2874 409 2928 senari
426 2873 520 2930 debent
537 2875 604 2930 iusto
622 2875 767 2948 quemlibet
785 2877 856 2930 vitm
873 2874 1007 2947 publionm
1024 2887 1051 2930 et
1068 2873 1188 2930 vicinalis
1204 2875 1290 2930 tocius
1308 2873 1387 2946 plani.

523 3153 572 3210 DE
590 3153 770 3211 MENSURIS
788 3153 836 3212 ET
853 3153 1064 3210 SALUITATE
1082 3183 1115 3196 -
1134 3155 1167 3210 R.
1185 3154 1255 3210 xlll

347 3381 406 3436 224.
425 3367 559 3424 Stotutum
578 3369 707 3440 estquod
726 3381 899 3423 ossomntoret
917 3383 1115 3424 mensturotum
1127 3369 1243 3423 hobeent
1254 3383 1301 3441 pro
1313 3377 1475 3424 immaturo

311 3455 344 3511 de
355 3458 434 3512 cebro
447 3457 564 3512 taurin.
576 3467 670 3510 stetero
684 3457 801 3510 marcho.
820 3457 909 3512 denen
922 3457 955 3511 11.
970 3474 1012 3529 pp.
1025 3473 1072 3529 pro
1084 3457 1201 3529 quolibet
1213 3457 1285 3512 etde
1296 3455 1413 3528 qualibet
1424 3455 1475 3512 tila

310 3559 455 3599 menssurn.
473 3545 562 3599 dener.
581 3543 600 3598 l.
620 3545 663 3614 (2)
675 3556 701 3598 et
713 3545 785 3614 quod
798 3544 919 3599 consules
931 3557 1092 3600 asomatores
1104 3557 1130 3600 et
1143 3543 1268 3599 officiales
1281 3561 1328 3616 pro
1340 3543 1474 3616 signatum

309 3629 359 3686 sol.
377 3631 410 3686 V.
429 3649 444 3686 a
462 3631 581 3703 quolibet
599 3631 755 3686 molendino
773 3644 799 3686 et
817 3632 851 3686 de
863 3631 977 3686 denariis
989 3631 1120 3687 dictorum
1133 3632 1351 3688 molendlnorum
1360 3633 1476 3688 hobam

309 3719 431 3774 consules
444 3719 492 3774 sol.
505 3719 563 3774 xx
576 3731 737 3774 :rsomotores
749 3719 797 3772 sol.
811 3719 893 3774 Vllll.
906 3733 933 3774 et
945 3721 1063 3775 notorius
1081 3733 1107 3774 et
1125 3721 1273 3775 seruitores
1291 3720 1339 3776 sol.
1358 3720 1403 3776 Vl
1423 3721 1474 3792 (2).

346 3873 406 3930 ²²5·
424 3858 492 3914 lton
509 3871 636 3914 sumtum
649 3861 771 3932 estquod
784 3859 873 3914 omnis
884 3859 1041 3914 molinarius
1058 3858 1180 3914 imerius
1190 3871 1217 3914 et
1228 3871 1310 3914 teroor
1320 3871 1347 3914 et
1364 3860 1475 3932 quilibet

309 3947 374 4003 ulter
386 3947 428 4002 cui
441 3960 593 4019 preceptum
606 3947 683 4002 luerit
696 3947 772 4002 incint
790 3947 953 4002 saluetttem.
972 3947 1005 4002 lit
1023 3947 1068 4019 qui
1087 3947 1203 4002 noluerit
1214 3965 1274 4002 etun
1287 3946 1371 4002 iucem
1388 3949 1476 4005 solunt

309 4037 428 4092 bennun
446 4033 495 4090 soi
513 4034 572 4090 xx.
590 4047 617 4090 er
635 4047 725 4108 ρωια
743 4053 802 4090 orm
821 4034 898 4092 lucin
915 4047 942 4090 et
960 4033 1093 4108 molinarii
1113 4047 1253 4092 munior
1265 4051 1361 4093 ornnes
1379 4053 1473 4093 eornm

334 4243 364 4298 (ι)
378 4241 429 4300 cap.
443 4245 483 4288 boe
497 4245 588 4287 Mun
602 4246 705 4300 perennc
719 4257 758 4288 eet.

336 4315 364 4368 l²l
380 4315 408 4368 l²l
423 4315 516 4370 “inb
529 4317 639 4372 vm·
