3958 5540
1430 545 1461 600 73

297 655 461 710 declarentur
488 654 698 710 determinentur
723 667 750 708 et
776 655 982 725 Interpretentur
1000 669 1046 724 per
1064 653 1186 708 consules
1204 665 1231 708 et
1248 653 1398 708 statutarios
1417 655 1463 724 qui

297 757 360 798 tunc
378 745 506 814 temporis
523 742 621 796 suerint
647 753 673 796 et
690 743 748 796 siue
765 755 861 796 statuta
888 742 1072 796 ordinationes
1096 741 1297 796 refonnationes
1314 754 1464 796 contractus

297 845 324 885 et
340 831 517 902 obligationes
535 825 633 884 suerint
650 829 718 884 clara
737 831 794 884 siue
812 830 892 884 dubia
910 831 953 884 uel
972 830 1083 884 obscura
1100 829 1144 884 uel
1156 847 1171 883 e
1183 845 1334 884 conuersso.
1347 845 1403 882 non
1419 831 1465 884 ob·

298 919 426 973 stentibus
444 919 547 972 luribus
566 918 720 972 dicentibus.
740 919 811 988 quod
831 919 859 971 in
878 918 983 972 incertis
1002 935 1057 971 non
1076 919 1152 972 certis
1164 917 1239 972 locus
1255 931 1294 972 est
1306 918 1464 972 coniecturis

297 1021 323 1060 et
340 1008 413 1078 quod
432 1025 446 1060 a
465 1006 553 1060 uerbis
571 1005 637 1076 legis
655 1023 711 1059 non
729 1019 768 1060 est
786 1007 963 1060 recedendum
984 1018 1010 1059 et
1028 1007 1099 1076 quod
1126 1005 1207 1059 stn'cti
1235 1006 1302 1059 Iuris
1329 1022 1384 1059 non
1403 1006 1466 1058 reci·

300 1095 375 1166 piunt
394 1095 649 1164 Interpretationem.
662 1105 688 1147 et
706 1095 778 1165 quod
797 1093 839 1148 lex
858 1095 986 1148 seruanda
1005 1107 1044 1148 est
1062 1093 1165 1148 etiarnsi
1185 1111 1230 1164 per
1242 1111 1323 1165 quarn
1335 1095 1400 1148 dura
1412 1095 1465 1148 sint

298 1184 340 1237 uel
359 1183 492 1254 aliquibus
510 1183 569 1254 alijs
590 1182 693 1236 luribus
711 1183 739 1236 in
758 1183 921 1236 contrarium
940 1183 1111 1254 prouulgatis.
1131 1183 1169 1236 lta
1186 1185 1258 1253 quod
1277 1200 1292 1236 a
1311 1183 1364 1236 suis
1383 1181 1466 1236 decla·

298 1272 442 1326 rationibus
460 1271 721 1342 Interpretationibus
734 1270 807 1324 factis
820 1289 865 1341 per
878 1271 1006 1325 maiorem
1019 1283 1120 1342 partem
1133 1272 1310 1342 predictorum
1324 1270 1464 1324 consulum

298 1371 323 1412 et
342 1358 539 1412 statutariorum
566 1375 622 1412 non
650 1360 751 1429 possint
778 1359 902 1429 appellari
930 1371 968 1412 set
995 1377 1118 1413 exnunc
1146 1359 1328 1429 intelligantur
1345 1375 1465 1428 expresse

298 1447 518 1518 appellationibus
537 1448 703 1501 renunciasse
716 1459 742 1500 et
755 1447 891 1518 statutarij.
910 1447 1028 1518 Singulis
1042 1448 1118 1501 annis
1130 1447 1275 1500 scribantur
1287 1463 1333 1516 per
1344 1446 1466 1500 consules

298 1535 458 1588 nominatim
477 1552 511 1588 ne
530 1536 633 1606 questio
651 1536 750 1588 oriatur
768 1535 813 1605 qui
833 1533 930 1588 fuerint
948 1536 980 1588 ad
994 1535 1132 1589 condenda
1144 1547 1247 1588 statuta.
1261 1535 1294 1588 Et
1306 1535 1352 1606 qui
1364 1535 1465 1592 venetis

299 1623 508 1676 contradictum
527 1635 653 1676 statutum
673 1623 715 1676 uel
735 1623 822 1692 ipsum
840 1623 868 1675 in
888 1623 978 1694 aliquo
996 1623 1201 1694 impugnauerit
1220 1622 1306 1676 soluat
1325 1639 1373 1693 pro
1391 1639 1462 1693 quo-

300 1709 363 1764 libet
380 1723 407 1764 et
425 1710 541 1780 qualibet
560 1711 626 1764 uice.
646 1727 698 1780 qua
715 1727 744 1764 se
762 1711 950 1781 presentauerit
969 1711 1013 1765 uel
1032 1711 1229 1782 impugnauerit
1246 1709 1295 1764 sol.
1308 1711 1364 1764 LX.
1383 1723 1409 1764 et
1426 1710 1466 1763 ni·

299 1796 461 1852 chilonainus
478 1809 560 1852 stetur
578 1815 671 1852 eontm
684 1798 822 1870 sententiis
840 1799 1104 1852 determinationibus
1117 1798 1337 1852 declarationibus
1350 1809 1376 1851 et
1388 1797 1466 1851 inter·

300 1887 488 1955 pretationibus
506 1903 561 1940 non
580 1888 708 1940 obstante.
728 1887 856 1958 legeque
875 1887 938 1941 dicit
955 1889 1028 1958 quod
1047 1903 1128 1940 nemo
1147 1887 1224 1940 debet
1242 1887 1344 1939 duabus
1362 1885 1464 1956 legibus

299 1973 395 2042 puniri.
414 1987 440 2027 et
459 1991 514 2028 non
533 1975 661 2028 obstante.
680 1974 740 2042 lege
758 1991 810 2046 que
828 1975 892 2028 dicit
910 1975 982 2045 quod
1007 1972 1090 2026 semel
1116 1975 1229 2027 comissa
1257 1991 1323 2044 pena
1351 1973 1465 2042 amplius

301 2063 403 2116 comitti
422 2079 477 2116 non
497 2075 582 2132 potest
599 2075 626 2116 et
644 2063 763 2133 quolibet
780 2063 834 2116 alio
851 2062 911 2114 lure
930 2063 957 2114 in
976 2062 1138 2116 contrarium
1157 2063 1287 2116 ordinato.

337 2221 394 2290 378.
413 2221 480 2274 ltem
493 2231 620 2275 statumm
633 2222 755 2292 estquod
768 2221 813 2292 qui
826 2221 973 2274 vendiderit
984 2221 1087 2292 aliquos
1099 2221 1182 2292 pisces
1196 2221 1291 2274 crudos
1303 2221 1365 2275 alibi
1384 2237 1465 2292 quant

299 2307 326 2360 in
345 2309 449 2378 platbea
469 2309 605 2380 bugelloni
623 2311 651 2362 in
671 2310 750 2380 plano
768 2322 795 2362 et
808 2309 834 2362 in
849 2309 952 2378 plathm
964 2327 1016 2380 que
1028 2322 1067 2363 est
1079 2329 1110 2362 ex
1123 2311 1246 2380 opposito
1260 2309 1368 2362 ecclesie
1380 2309 1465 2362 sancti

297 2396 386 2466 Jacobi
405 2397 432 2450 in
452 2397 537 2467 placio
556 2397 642 2450 soluat
660 2413 708 2466 pro
726 2397 844 2466 quolibet
862 2409 887 2450 et
900 2396 1016 2467 qualibet
1028 2398 1084 2450 vice
1096 2397 1144 2451 sol.
1158 2398 1215 2451 XX.
1229 2415 1271 2468 pp.
1285 2398 1327 2466 (1)
1337 2409 1363 2450 et
1373 2398 1465 2451 amitat

300 2485 368 2553 pisas
386 2497 412 2538 et
430 2485 558 2539 medietas
576 2485 688 2555 piscium
708 2485 843 2555 perueniat
861 2485 888 2538 in
908 2485 1029 2538 consules
1048 2499 1073 2538 et
1087 2487 1137 2540 alia
1157 2485 1183 2540 in
1203 2486 1400 2540 denuntiatores
1421 2485 1464 2538 uel

302 2587 484 2626 accussatores
503 2575 546 2642 (t)

339 2745 396 2800 379.
416 2731 482 2784 Item
502 2743 629 2784 statutum
647 2743 686 2784 est
704 2731 776 2802 quod
794 2730 839 2800 qui
858 2731 952 2784 emerit
970 2732 1052 2801 pisces
1070 2731 1132 2785 aiibi
1145 2749 1225 2802 quam
1240 2731 1266 2784 in
1281 2732 1336 2786 istis
1355 2733 1466 2803 platheis

302 2817 388 2871 soluat
407 2835 455 2888 pro
472 2818 591 2890 quolibet
610 2831 636 2872 et
653 2819 770 2890 qualibet
788 2818 845 2872 vice
863 2818 911 2872 sol.
929 2819 961 2872 ll.

341 2977 398 3045 380.
418 2977 486 3030 ltem
504 2989 632 3030 statutum
651 2989 689 3030 est
707 2978 779 3047 quod
807 2977 852 3048 qui
880 2977 1026 3047 permiserit
1053 2979 1132 3031 vendi
1159 2981 1241 3050 pisces
1259 2979 1354 3034 cnidos
1372 2979 1400 3034 in
1419 2997 1466 3034 sua

302 3063 385 3118 domo
403 3081 449 3118 seu
468 3065 632 3118 habitatione
650 3065 692 3133 (2)
712 3077 738 3117 et
756 3065 801 3133 qui
820 3065 990 3134 receptauerit
1008 3081 1054 3118 seu
1073 3067 1197 3135 receperit
1210 3085 1225 3120 a
1238 3067 1300 3120 solis
1314 3080 1373 3120 ortu
1384 3085 1466 3138 usque

301 3151 334 3206 ad
352 3169 474 3206 ocassum
493 3153 576 3223 piscoe
594 3153 699 3206 venales
718 3153 760 3222 (2)
779 3152 865 3206 soluat
883 3169 931 3224 pro
948 3153 1068 3223 quolibet
1085 3164 1111 3206 et
1129 3155 1245 3224 qualibet
1263 3156 1322 3208 uice
1340 3156 1388 3208 sol.
1407 3157 1466 3209 XX.

339 3311 396 3380 381.
416 3311 483 3366 Item
502 3325 629 3366 statutum
648 3312 777 3382 estquod
796 3311 883 3382 aliqua
902 3329 1012 3381 persona
1031 3329 1086 3366 non
1105 3313 1199 3366 audeat
1218 3313 1261 3367 uel
1279 3327 1412 3384 presumat
1429 3316 1468 3369 ire

301 3400 333 3452 ad
353 3400 514 3452 visitandum
534 3400 678 3469 paglolatas
697 3417 746 3452 nec
765 3400 813 3451 sibi
833 3417 928 3469 panem
947 3401 1052 3452 mittere
1070 3417 1118 3453 nec
1137 3400 1220 3454 facere
1238 3401 1346 3472 aliquod
1365 3403 1467 3456 donum
1574 3441 1583 3460 0

302 3487 350 3538 nisi
371 3487 449 3542 suerit
467 3502 551 3540 mater
570 3487 622 3540 lilia
642 3505 716 3540 sutor
735 3487 776 3540 nel
791 3487 911 3554 Cognata
926 3501 951 3540 et
964 3487 1079 3557 quelibet
1093 3506 1202 3557 persona
1215 3507 1267 3560 que
1279 3490 1467 3544 contrafecerit.

302 3573 387 3628 soluat
406 3591 454 3646 pro
471 3575 588 3646 qualibet
606 3575 663 3628 vice
681 3575 729 3627 sol.
748 3574 806 3626 lili.
826 3590 867 3644 pp.

341 3735 399 3804 382.
418 3735 461 3802 (3)
480 3733 547 3786 Item
567 3745 693 3785 statutum
713 3734 841 3802 estquod
861 3733 977 3803 quelibet
995 3749 1105 3803 persona
1124 3735 1157 3786 de
1176 3733 1280 3806 bugella
1305 3747 1425 3790 teneatur
1442 3749 1468 3789 et

303 3823 395 3876 debeat
413 3839 443 3875 ac
462 3821 586 3890 compelli
606 3822 687 3890 possit
705 3839 761 3872 esse
780 3821 813 3873 de
831 3821 955 3889 Collegio
974 3821 1035 3872 anis
1062 3839 1142 3891 quam
1161 3835 1263 3875 exercet
1290 3837 1316 3876 et
1335 3825 1468 3877 attendere

303 3923 421 3980 precepta
440 3909 488 3962 sibi
509 3908 575 3961 iacta
594 3908 784 3961 rationabiliter
801 3927 833 3960 ex
853 3923 924 3978 parte
943 3909 982 3960 sui
1002 3909 1116 3976 collegii.
1136 3909 1216 3962 Saluo
1235 3911 1337 3964 bonore
1356 3925 1381 3964 et
1400 3913 1466 3965 stili·

303 4009 356 4051 tate
373 3997 496 4052 comunis
515 3996 620 4066 bugelle
639 4008 665 4049 et
683 3995 758 4048 saluo
776 4009 874 4049 statuto
894 3998 979 4066 posito
998 3999 1046 4048 sub
1066 3999 1165 4049 rubrica
1185 3998 1217 4050 de
1236 4001 1374 4052 credentia,

331 4279 360 4330 (tl
375 4275 405 4330 (tl
420 4287 440 4317 at
454 4277 484 4328 (a)
501 4279 528 4328 (a)
543 4276 674 4326 adjectiones
689 4275 808 4328 pmaenons
823 4289 875 4315 κη.

332 4346 437 4402 tellaria
450 4349 548 4402 “ripam
562 4357 610 4387 aar:
628 4346 694 4386 ruat.
