3958 5540
539 489 572 542 72

537 597 608 650 rium
623 595 728 666 bugelle
740 607 767 648 et
778 595 887 648 vernati.
900 595 934 649 Et
946 597 1021 649 cadat
1033 596 1061 649 in
1074 595 1227 650 comissum.
1240 609 1267 650 et
1281 597 1373 650 omnia
1385 597 1454 651 dicta
1467 597 1537 652 bona
1548 599 1705 669 perueniant

537 685 567 737 in
586 701 702 737 comune
720 683 833 754 bugelle.
853 696 879 737 et
896 684 968 738 dicto
986 685 1096 738 comuni
1115 686 1271 755 pubicentur
1288 686 1346 756 ipso
1363 686 1429 739 iure.
1448 697 1475 739 et
1486 686 1521 740 de
1532 686 1608 740 dictis
1626 688 1705 742 bonis

536 771 639 824 nullam
658 772 739 841 possit
758 783 883 841 perpetuo
902 772 998 826 habere
1018 773 1139 842 gratiam.
1167 785 1207 825 set
1233 785 1360 842 perpetuo
1386 774 1420 826 sit
1439 773 1563 827 bannitus
1580 775 1703 828 comunis

537 859 650 928 bugelle.
668 877 718 912 nec
736 860 863 913 habeatur
882 861 924 913 uel
944 861 1034 914 haberi
1053 862 1135 931 possit
1154 873 1280 931 perpetuo
1298 877 1346 930 pro
1364 861 1461 915 vicino.
1480 875 1507 915 et
1525 875 1652 932 perpetuo
1669 863 1702 916 sit

536 949 657 1000 exclusus
675 949 708 1000 ab
726 948 852 1000 omnibus
870 947 972 1018 officijs.
992 949 1139 1002 honoribus
1157 961 1183 1001 et
1201 949 1358 1002 utilitatibus
1377 949 1509 1002 Comunis
1520 950 1635 1020 bugelle.
1648 963 1700 1004 eta

535 1036 654 1105 quolibet
672 1047 798 1105 perpetuo
816 1036 898 1104 possit
915 1037 1026 1106 impune
1044 1035 1143 1088 offendi
1162 1037 1190 1088 in
1209 1037 1273 1089 here
1291 1048 1317 1090 et
1334 1037 1363 1088 in
1382 1053 1501 1107 persona.
1511 1050 1538 1090 et
1555 1039 1608 1090 hoc
1625 1049 1703 1091 statu·

536 1137 593 1175 tum
612 1125 645 1176 sit
664 1135 689 1175 et
708 1140 764 1175 esse
782 1124 945 1192 intelligatur
957 1137 1112 1194 perpetuum
1125 1137 1151 1176 et
1163 1125 1293 1194 precisum
1306 1141 1352 1194 per
1363 1137 1566 1178 sacramentum.
1579 1126 1618 1178 Ita
1628 1126 1701 1196 quod

534 1212 743 1264 contradictum
762 1224 889 1264 statutum
908 1229 963 1264 non
983 1215 1064 1282 possit
1082 1213 1234 1282 dispensari.
1249 1211 1291 1265 uel
1310 1212 1368 1266 tolli
1387 1229 1433 1265 seu
1452 1213 1552 1282 aliquid
1571 1213 1696 1266 ordinati.

534 1300 568 1352 Et
586 1298 678 1352 consul
697 1299 744 1369 qui
762 1299 861 1370 aliquid
881 1312 973 1352 contra
992 1301 1106 1370 predicta
1125 1301 1242 1370 posuerit
1259 1300 1288 1353 in
1307 1300 1447 1354 credentia
1474 1300 1561 1354 soluat
1582 1302 1701 1354 bannum

535 1405 582 1457 pro
600 1387 720 1456 quolibet
738 1399 763 1439 et
782 1387 898 1457 qualibet
917 1388 982 1440 uice.
1002 1388 1050 1440 sol.
1069 1387 1124 1441 Lx.
1144 1401 1170 1440 et
1188 1390 1340 1458 quicunque
1358 1389 1524 1458 arengauerit
1543 1402 1634 1442 contra
1647 1405 1702 1460 pre-

535 1475 636 1528 dictum
655 1487 782 1527 statutum
810 1474 896 1527 soluat
922 1476 1042 1528 bannum
1069 1475 1118 1528 sol.
1146 1477 1204 1529 XX.
1233 1493 1280 1546 pro
1309 1475 1425 1546 qualibet
1443 1476 1502 1530 uice
1520 1489 1547 1530 et
1564 1477 1632 1529 ultra
1649 1477 1702 1530 hoc

535 1565 627 1616 omnia
646 1563 778 1633 proposita
796 1573 892 1614 statuta
910 1575 936 1615 et
955 1564 1075 1616 ordinata
1093 1576 1185 1616 contra
1213 1565 1360 1634 predictum
1388 1575 1524 1617 statutum.
1551 1564 1605 1617 sint
1622 1581 1702 1618 cassa

535 1652 607 1703 irrita
625 1662 652 1702 et
670 1650 769 1703 nullius
788 1650 885 1702 ualoris
904 1652 1008 1720 penitus
1027 1651 1069 1703 uel
1088 1652 1228 1704 momenti.
1239 1651 1271 1704 Et
1284 1651 1406 1704 consules
1418 1663 1558 1705 teneantur
1569 1652 1701 1722 inquirere

534 1739 556 1791 si
576 1737 653 1791 luerit
670 1739 708 1792 eis
726 1739 912 1790 denuntiatum
932 1738 974 1791 uel
993 1739 1025 1791 ad
1044 1756 1120 1792 aures
1138 1756 1232 1792 eorum
1251 1739 1400 1809 peruenerit
1418 1751 1444 1793 et
1462 1752 1552 1793 tenere
1565 1741 1702 1794 denuntia·

535 1841 604 1881 tores
623 1839 649 1880 et
669 1840 831 1880 accusatores
850 1827 974 1896 priuatos.

574 1985 630 2038 375.
651 1970 717 2021 Item
736 1981 864 2021 statutum
883 1981 908 2021 et
927 1969 1078 2021 ordinatum
1098 1969 1227 2039 estquod
1245 1968 1319 2021 nulla
1347 1985 1457 2038 persona
1485 1971 1578 2023 debmt
1599 1983 1701 2040 portare

538 2059 629 2126 ignem
648 2069 767 2125 tempore
786 2069 896 2108 ventoso
915 2073 961 2125 per
979 2056 1088 2126 planum
1108 2073 1156 2109 nec
1175 2074 1221 2126 per
1238 2056 1353 2126 placium
1372 2057 1406 2110 de
1423 2056 1467 2110 die
1495 2075 1544 2110 nec
1571 2059 1604 2110 de
1621 2071 1701 2111 nocte

533 2162 582 2198 nec
601 2144 684 2198 facere
704 2161 753 2198 nec
772 2157 861 2196 tenere
878 2145 970 2214 ignem
989 2145 1017 2196 in
1036 2145 1125 2214 aliqua
1143 2146 1226 2198 domo
1247 2162 1298 2215 que
1316 2161 1371 2197 non
1385 2145 1419 2198 sit
1430 2146 1573 2216 cohoperta
1583 2147 1616 2199 de
1629 2147 1702 2216 cupis

533 2246 560 2286 et
578 2233 623 2302 qui
642 2245 735 2285 contra
753 2230 842 2284 fecerit
860 2232 947 2284 soluat
965 2249 1012 2302 pro
1031 2233 1150 2301 quolibet
1168 2245 1194 2285 et
1213 2232 1330 2302 qualibet
1348 2233 1405 2284 vice
1423 2233 1471 2286 sol.
1481 2233 1514 2286 X.
1534 2250 1575 2304 pp.
1594 2233 1627 2287 Et
1646 2235 1702 2304 qui·

534 2322 597 2374 libet
616 2321 698 2390 possit
715 2337 848 2373 accussare
866 2334 892 2373 et
910 2321 1070 2373 denunciare
1097 2334 1123 2373 et
1153 2322 1285 2374 tenebitur
1319 2321 1435 2390 priuatus
1454 2322 1505 2374 nisi
1524 2313 1591 2375 esset
1609 2321 1701 2375 lumen

533 2411 605 2480 quod
624 2421 738 2480 portaret
756 2425 818 2462 cum
837 2409 953 2463 candela.

571 2550 629 2620 376.
649 2551 716 2604 Item
734 2563 862 2605 statutum
881 2563 907 2605 et
925 2551 1078 2604 ordinatum
1096 2564 1135 2604 est
1153 2550 1226 2622 qnod
1244 2549 1332 2621 aliqua
1353 2567 1465 2621 persona
1484 2567 1537 2622 que
1563 2552 1596 2604 de
1613 2563 1701 2604 cetero

535 2641 652 2694 incantet
670 2653 741 2692 emat
759 2656 805 2692 seu
823 2640 901 2693 titulo
920 2639 1059 2692 locationis
1069 2639 1112 2691 uel
1125 2655 1285 2710 quocunque
1297 2639 1350 2692 alio
1363 2640 1446 2693 modo
1459 2640 1569 2709 accipiat
1580 2639 1696 2709 aliquam

533 2746 589 2781 rem
608 2728 745 2780 acomuni
759 2745 813 2780 non
827 2727 909 2797 possit
920 2744 969 2780 nec
987 2727 1072 2779 valfflt
1085 2727 1181 2779 habere
1199 2727 1315 2796 aliquam
1334 2727 1554 2796 prorogationem
1573 2727 1701 2796 temporis

533 2833 582 2868 nec
600 2815 717 2885 aliquam
735 2815 848 2884 gratiam
860 2831 905 2867 seu
918 2815 1103 2868 remissionem
1116 2815 1149 2867 de
1162 2815 1287 2883 peccunia
1310 2831 1390 2884 quam
1413 2815 1523 2867 incantu
1544 2814 1700 2884 hemptione

532 2904 665 2957 lomtione
684 2920 731 2957 seu
749 2920 909 2976 quocunque
927 2903 980 2957 alio
999 2915 1135 2956 contractu
1154 2901 1223 2956 facto
1251 2919 1313 2955 cum
1341 2903 1452 2955 comuni
1479 2901 1524 2956 uel
1548 2902 1701 2956 consulibus

533 2993 638 3062 bugelle
656 2993 768 3045 nomine
784 2993 866 3062 ipsius
893 2992 1016 3046 comunis
1043 2991 1147 3044 soluere
1175 2991 1342 3059 promisisset
1369 3003 1396 3043 et
1423 2991 1507 3060 gratia
1525 2990 1592 3044 iacta
1609 3002 1701 3044 contra

534 3082 680 3152 predictum
699 3093 827 3134 statutum
845 3081 919 3134 nulia
937 3082 971 3134 sit
990 3081 1047 3150 ipso
1066 3079 1131 3132 iure.
1150 3080 1193 3148 (r)
1212 3079 1245 3132 Et
1257 3079 1404 3148 predictum
1418 3091 1545 3132 statutum
1558 3079 1592 3132 sit
1603 3091 1631 3132 et
1642 3095 1699 3132 esse

532 3171 695 3241 intelligatur
712 3172 745 3224 de
764 3183 850 3223 cetero
869 3171 1000 3240 precisum
1019 3180 1044 3222 et
1062 3169 1187 3221 iuratum.
1215 3167 1254 3220 lta
1282 3167 1353 3236 quod
1373 3183 1451 3236 super
1468 3167 1526 3236 ipso
1544 3183 1601 3220 non
1619 3167 1702 3237 possit

532 3260 676 3329 dispensari
695 3265 744 3312 nec'
762 3272 853 3311 contra
872 3259 972 3311 dictum
992 3268 1119 3309 statutum
1138 3257 1166 3308 in
1185 3256 1275 3324 aliquo
1294 3253 1451 3306 contrafien'.
1470 3254 1504 3306 Et
1515 3253 1637 3307 consules
1654 3253 1699 3325 qui

532 3365 579 3418 pro
599 3347 763 3417 temporibus
781 3345 879 3399 fuerint
896 3363 952 3398 non
971 3345 1107 3414 paciantur
1135 3344 1198 3414 poni
1217 3343 1245 3395 in
1273 3341 1408 3395 credentia
1436 3353 1574 3395 utcontra
1593 3340 1638 3394 fiat
1656 3341 1699 3394 uel

533 3437 605 3505 quod
625 3453 702 3505 super
720 3436 777 3504 ipso
796 3435 824 3486 in
843 3434 933 3503 aliquo
952 3434 1115 3502 dispensetur
1134 3433 1161 3484 in
1181 3448 1248 3501 pena
1266 3443 1292 3482 et
1311 3431 1400 3482 banno
1419 3429 1467 3482 sol.
1487 3430 1542 3482 Lx.
1562 3446 1609 3499 pro
1628 3445 1698 3500 quo·

532 3524 595 3576 libet
613 3523 723 3576 consule
741 3535 768 3576 et
787 3522 904 3592 qualibet
922 3523 981 3574 uice
999 3521 1050 3589 (1).

570 3677 627 3732 377.
646 3664 714 3717 Item
732 3663 794 3734 quia
812 3663 869 3716 eius
888 3673 926 3715 est
953 3659 1119 3730 Interpretari
1147 3660 1222 3712 cuius
1248 3671 1288 3713 est
1305 3659 1420 3713 condere
1447 3675 1477 3712 ac
1495 3658 1552 3712 eius
1571 3671 1610 3712 est
1628 3657 1699 3711 uelle

532 3764 658 3805 statutum
677 3764 717 3804 est
734 3751 806 3821 quod
824 3751 847 3804 si
864 3749 953 3820 aliqua
971 3749 1075 3820 questio
1103 3747 1215 3802 dubium
1242 3764 1289 3801 seu
1316 3747 1453 3801 disscessio
1471 3747 1572 3800 oriatur
1590 3747 1633 3800 uel
1652 3744 1699 3800 fiat

532 3839 646 3892 Ratione
664 3839 777 3891 alicuius
794 3838 884 3892 statuti
902 3838 1077 3890 ordinationis
1095 3836 1138 3889 uel
1158 3835 1353 3889 reformationis
1372 3835 1504 3889 Comunis
1519 3834 1632 3905 bugelle.
1650 3850 1697 3887 seu

532 3928 697 3980 vendicionis
715 3926 782 3980 facte
800 3944 845 3996 per
864 3926 989 3978 Comune
1007 3925 1050 3977 uel
1078 3925 1249 3994 obligationis
1277 3925 1366 3976 statuti
1395 3935 1544 3976 contractus
1562 3922 1605 3974 uel
1624 3921 1699 3992 quasi

532 4014 593 4069 iacti
605 4031 667 4068 cum
678 4015 797 4070 Comuni
808 4013 852 4068 uel
870 4015 972 4068 ratione
983 4025 1143 4067 statutorum
1155 4012 1218 4065 dicti
1234 4011 1366 4066 Comunis
1378 4011 1450 4082 quod
1464 4011 1534 4066 dicte
1545 4010 1698 4082 questiones

559 4297 590 4350 (ι)
603 4296 635 4350 (r)
649 4294 714 4336 Verba
728 4304 799 4350 postea
813 4294 897 4350 adjecta.
