3926 5542
492 551 541 621 158

523 691 564 746 39.
582 673 734 746 Terraque
752 687 791 729 est
808 675 881 730 iuxta
898 675 1002 730 canales
1028 687 1098 730 retro
1125 687 1239 729 castrum
1267 687 1306 728 est
1324 691 1371 746 pro
1389 675 1500 730 dimidia
1518 677 1581 732 dicti
1599 695 1649 732 co-

486 763 583 826 munis,
602 762 663 833 quia
681 761 731 816 luit
748 763 897 816 comuniter
915 775 1003 833 empta
1021 779 1037 816 a
1055 762 1212 817 Guillielmo
1230 763 1263 816 de
1281 761 1413 834 ghiliouo,
1431 781 1477 834 per
1507 765 1649 820 dominum

485 849 647 921 episcopum,
665 863 692 904 et
709 867 833 916 mmune,
851 862 877 904 et
896 851 968 906 idem
986 852 1020 904 de
1037 851 1180 906 canalibus

487 937 900 1060 ἡΑ,ο..11;ειείιιιιῑαιιίιιιιῐεπὶιιιιι
918 939 951 992 de
969 955 1074 992 measse
1092 937 1203 1008 januarii
1223 955 1270 1010 pro
1289 937 1418 1010 episcopis
1438 949 1465 992 et
1488 938 1547 1010 alijs
1565 940 1649 993 bene-

513 1019 578 1060 ctorr
598 1024 636 1060 us

522 1095 636 1150 Cereum
655 1113 741 1150 unum
758 1095 826 1149 libre
841 1096 875 1149 ad
893 1094 989 1150 sestam
1008 1094 1091 1148 sancti
1110 1095 1239 1165 stephani.

523 1175 615 1236 Alliam
633 1200 678 1236 serr
697 1183 822 1236 librarum
841 1183 869 1236 in
887 1183 996 1236 sabbato
1014 1195 1114 1247 sancto,
1133 1184 1167 1236 ad
1186 1181 1280 1247 fontes,
1299 1183 1404 1253 dequo
1422 1194 1512 1253 postes
1530 1183 1650 1238 sacerdos

487 1269 532 1324 dat
550 1271 577 1323 in
596 1270 663 1324 festo
681 1271 763 1324 sancti
782 1271 860 1342 jorgij
880 1269 987 1323 cuilibet
1006 1283 1107 1340 partem
1127 1270 1160 1324 ad
1180 1270 1334 1340 ponendum
1353 1286 1442 1324 cruces
1460 1271 1492 1324 ad
1511 1271 1606 1324 hostia

524 1357 676 1423 Caritatem‚
695 1357 754 1424 XL,
772 1358 912 1412 stariorum
931 1357 1017 1412 sicalis
1034 1357 1078 1412 uel
1097 1357 1164 1412 circa
1182 1357 1215 1410 ad
1233 1357 1366 1428 psalmum
1384 1357 1466 1412 sancti
1485 1358 1651 1430 Mauricij,et

488 1445 606 1516 massarii
625 1445 706 1499 aliam
724 1445 850 1499 similem.

524 1533 631 1588 Libram
649 1549 708 1586 cere
725 1545 816 1586 sancto
830 1533 964 1602 Januario.

523 1635 566 1686 41.
586 1619 668 1673 Terra
686 1637 738 1692 que
755 1633 796 1674 est
812 1621 885 1675 iuxta
903 1621 1007 1691 rugiam
1025 1620 1094 1690 apud
1113 1621 1225 1674 domum
1251 1619 1404 1690 prexonerie
1430 1636 1511 1690 prope
1538 1631 1651 1675 castrtun

494 1719 534 1761 est
551 1708 681 1761 comunis

524 1809 567 1861 42.
583 1794 656 1864 Jurat
674 1795 753 1849 iudea
771 1796 843 1849 curie
860 1796 889 1848 in
908 1795 1040 1848 credentia
1060 1794 1174 1865 bugelle,
1184 1794 1294 1866 quilibet
1313 1793 1424 1848 fideliter
1441 1793 1573 1848 iusticiam
1583 1795 1654 1849 exhi-

491 1883 560 1948 bere,
578 1895 605 1936 et
621 1883 727 1953 bugelle
745 1885 948 1938 consuetudines
966 1883 1113 1936 obseruare.

525 1985 568 2040 43.
587 1971 618 2024 ln
636 1983 703 2026 terra
722 1972 837 2044 bugelle,
856 1972 952 2042 Vicarij
973 1971 1057 2024 eciam
1076 1970 1105 2023 in
1123 1969 1303 2040 spiritualibus
1320 1969 1433 2024 residere
1459 1982 1567 2025 actenus
1585 1987 1653 2024 con-

492 2053 644 2094 sueuerunt„

525 2143 568 2193 44.
587 2128 705 2182 Vacante
722 2129 784 2182 sede
801 2129 951 2199 episcopali,
969 2127 1090 2200 yconimi
1109 2139 1231 2181 exercent
1248 2128 1276 2180 in
1309 2125 1415 2197 bugella
1445 2127 1654 2182 iurisdictionem

491 2215 518 2270 in
538 2216 726 2285 temporalibus
743 2229 770 2269 et
787 2217 972 2285 spiritualibus,
991 2216 1023 2270 ab
1042 2217 1152 2286 antiquo
1176 2227 1312 2285 tamquam
1331 2215 1428 2285 Vimrij
1448 2227 1474 2268 et
1492 2215 1655 2270 administra-

491 2303 687 2426 tpmdelpplesie
706 2303 869 2374 principales,
896 2305 977 2356 edam
1004 2303 1063 2374 alijs
1082 2304 1193 2374 Vicarijs
1217 2304 1245 2356 in
1263 2302 1442 2373 spiritualibus
1460 2303 1608 2357 constitutis
1625 2304 1654 2356 in

517 2390 560 2426 erc
619 2413 626 2426 .

526 2461 626 2514 Eadem
644 2461 705 2514 sede
723 2471 834 2513 uaesnte
851 2460 1028 2514 Vicecomites
1047 2477 1096 2514 suo
1114 2461 1171 2514 iure
1189 2461 1217 2513 in
1238 2460 1346 2530 bugella
1364 2472 1486 2514 exercent
1502 2459 1653 2514 iurisdicio-

490 2563 562 2610 nem,
580 2547 689 2600 ecclesie
707 2546 890 2616 temporalem

524 2649 568 2702 45.
587 2633 721 2688 Officiales
739 2636 861 2687 comunis
878 2636 978 2688 vadunt
995 2636 1028 2688 ad
1046 2635 1193 2688 custodiam
1212 2635 1304 2705 uigilie
1321 2635 1403 2688 sance
1435 2634 1619 2688 bartholomei.

526 2721 569 2788 46.
587 2721 728 2790 Recipiunt
746 2721 893 2775 oblationes
914 2723 997 2775 sancti
1015 2723 1108 2793 quirici
1126 2722 1154 2774 in
1174 2738 1235 2774 usus
1254 2723 1310 2774 eius
1328 2721 1437 2775 ecclesie
1464 2723 1652 2778 conuertendo.

527 2823 570 2875 47.
589 2808 699 2861 Faciunt
716 2807 837 2860 fortilicia
855 2810 883 2860 in
903 2808 1008 2878 bugella
1027 2820 1054 2861 et
1071 2809 1217 2862 immutant
1234 2825 1282 2879 pro
1300 2807 1376 2862 libito
1395 2807 1548 2862 uoluntatis.

527 2895 570 2960 48.
589 2895 663 2948 Bona
681 2907 781 2964 reperta
799 2895 827 2948 in
846 2895 960 2965 bugella,
979 2895 1078 2949 faciunt
1096 2912 1158 2949 cum
1176 2912 1243 2966 opus
1261 2907 1301 2950 est
1312 2896 1477 2966 sequestrari.

527 2997 570 3052 49.
589 2983 734 3036 Prohibent
751 3000 786 3036 ne
804 2983 951 3036 habitantes
969 2984 998 3036 in
1017 2983 1122 3053 bugella
1140 2996 1235 3037 exeant
1252 2996 1349 3038 terram
1368 2999 1430 3038 cum
1448 2985 1528 3038 armis
1540 2983 1584 3038 uel
1597 2985 1655 3038 sine

492 3072 591 3141 absque
608 3069 717 3124 licencia
735 3071 858 3124 comunis
875 3083 902 3124 et
920 3083 1123 3141 transgressores
1141 3072 1256 3141 puniunt
1274 3083 1300 3126 et
1318 3084 1445 3126 reuocant
1462 3073 1530 3126 iusta
1552 3073 1656 3127 ordina·

493 3159 580 3212 tiones
599 3159 729 3213 comunis

531 3261 571 3315 50.
590 3247 793 3301 Contracambia
811 3247 960 3300 concedunt
978 3247 1023 3300 ubi
1041 3247 1079 3300 eis
1097 3247 1200 3300 iusticia
1218 3246 1296 3300 luerit
1313 3248 1450 3317 denegata

532 3351 571 3404 51.
590 3334 698 3388 Pietatis
716 3333 759 3387 uel
776 3334 937 3388 necessitatis
955 3351 1032 3388 causa
1052 3334 1165 3388 reddunt
1183 3335 1323 3399 iusticiam,
1337 3336 1453 3389 maxime
1466 3335 1656 3391 laboratoribus

494 3423 587 3476 diebus
606 3421 714 3474 lestiuis.

532 3525 572 3580 52·
591 3511 633 3564 De
651 3509 769 3579 paeonis
786 3521 813 3562 et
831 3511 907 3563 rebus
925 3509 1097 3563 existentibus
1116 3510 1145 3563 in
1163 3511 1295 3564 territorio
1308 3511 1414 3582 bugelle
1426 3512 1579 3582 disponunt,
1588 3513 1656 3566 ordi-

494 3610 560 3652 nant
577 3615 607 3652 ac
625 3598 654 3651 in
672 3597 710 3651 eis
727 3597 925 3650 iuridictiouem
943 3597 1119 3668 temporalem
1138 3597 1288 3676 exhibendo
1306 3599 1438 3654 iusticiam
1456 3599 1564 3654 cuilibet
1587 3617 1655 3656 con-

497 3687 616 3760 querenti
635 3697 763 3738 exercent
1093 3750 1102 3770 ο

532 3790 572 3844 53.
591 3773 729 3828 Clanarius
747 3788 809 3826 cum
827 3771 880 3826 alio
898 3772 1008 3827 consule
1025 3774 1126 3828 ducunt
1143 3790 1224 3844 equm
1236 3774 1340 3828 domini
1363 3773 1479 3845 epscopi
1491 3791 1537 3845 per
1550 3773 1656 3828 frenum

494 3879 578 3933 usque
595 3863 625 3914 in
643 3872 756 3914 castrum
776 3859 881 3938 bugelle
898 3877 961 3914 cum
978 3861 1007 3914 in
1026 3861 1113 3931 primo
1130 3862 1246 3916 aduentu
1258 3878 1317 3926 suo,
1329 3861 1441 3932 applicat
1453 3861 1519 3916 fines
1531 3862 1653 3932 territorii

495 3948 609 4020 bugelle,
628 3948 662 4001 Et
678 3947 839 4017 Episcopum
858 3947 1010 4002 Manuelem
1034 3950 1066 4003 de
1084 3949 1159 4004 flisco
1186 3951 1325 4015 duxerunt,
1347 3961 1374 4004 et
1400 3951 1550 4003 vicecomes
1578 3949 1656 4004 debet

496 4036 593 4090 babere
611 4034 688 4090 illum
706 4051 796 4105 equus,
815 4051 862 4105 pro
880 4050 934 4107 quo
953 4035 1102 4108 dalpbynus
1120 4037 1154 4090 de
1171 4051 1302 4090 casanoua
1319 4049 1383 4092 tunc
1401 4038 1550 4092 vicecomes
1561 4037 1655 4091 babuit

496 4123 612 4177 florenos
629 4121 748 4176 XXXV.

534 4224 574 4278 54
592 4209 632 4263 Ex
649 4221 715 4264 uoto
733 4221 759 4262 et
777 4209 921 4264 deuotione
938 4211 1071 4268 celebrant
1088 4211 1163 4281 plura
1180 4210 1256 4266 festa

532 4297 640 4350 Vadunt
657 4297 690 4350 ad
708 4295 832 4366 psalmos,
853 4299 936 4351 sancti
956 4299 1045 4362 Marci,
1065 4299 1224 4369 capellarum
1242 4299 1360 4370 Mauricij
1381 4311 1408 4354 et
1425 4298 1541 4353 nouelle.

532 4383 642 4440 Faciunt
651 4382 707 4437 fieri
716 4384 1020 4458 elemosinamsingulis
1029 4387 1121 4441 diebus
1130 4387 1271 4442 dominicis
1280 4399 1307 4442 et
1313 4386 1532 4458 iouisperlratres
1538 4385 1659 4442 canatis
