3918 5554
517 551 569 602 240

515 679 568 745 29.
592 659 643 726 De
666 681 731 725 non
755 658 928 726 laborando
951 661 985 726 in
1020 658 1102 726 festo
1136 660 1237 726 sancti
1272 657 1353 746 Eloy
1387 673 1419 722 et
1452 656 1492 723 de
1526 653 1684 743 portando

560 765 698 831 Cereum
721 763 762 831 ad
789 767 930 832 missam.

549 869 620 924 Item
637 883 766 926 sumtum
784 883 810 925 et
827 873 980 926 ordinatum
999 885 1038 926 est
1057 871 1138 936 Quod
1157 871 1253 925 festum
1273 869 1356 922 sancti
1391 868 1463 939 Aloy
1491 866 1562 938 quod
1590 877 1629 919 est
1656 863 1685 918 in

513 958 666 1012 Crastinum
685 960 757 1012 diem
775 961 857 1014 sancti
877 960 1007 1015 lobannis
1026 961 1058 1014 de
1077 961 1165 1014 media
1184 971 1265 1012 estate
1283 958 1377 1011 debeat
1395 951 1680 1023 celebrariaCollegio

515 1045 702 1100 ferrariorum.
722 1047 755 1099 Et
773 1047 845 1118 quod
864 1064 920 1101 non
939 1048 1052 1100 debeant
1070 1047 1189 1100 laborare
1206 1063 1255 1098 nec
1274 1044 1407 1097 dimittere
1426 1041 1537 1096 laborari
1562 1053 1589 1094 et
1618 1040 1685 1094 vltra

514 1134 605 1187 venire
623 1135 655 1187 ad
675 1136 783 1188 missam
802 1137 830 1189 in
849 1136 933 1188 Plano
951 1137 985 1188 ad
1003 1134 1148 1188 Ecclesiam
1167 1145 1256 1188 sancte
1274 1133 1357 1185 blarie
1383 1143 1410 1184 et
1438 1129 1549 1184 offerere
1575 1129 1610 1183 Et
1638 1129 1685 1199 qui

514 1221 696 1274 contrafecerit
714 1223 800 1275 soluat
819 1224 937 1276 bannum
957 1239 1004 1292 pro
1023 1221 1141 1293 quolibet
1160 1235 1186 1276 et
1204 1221 1320 1293 qualibet
1339 1219 1398 1272 uice
1420 1219 1568 1272 solidorum
1595 1216 1671 1270 ΧΠ

514 1310 689 1378 papiensium,
707 1327 737 1362 ac
756 1311 840 1362 eciam
859 1309 969 1380 quilibet
988 1309 1109 1362 serrarius
1127 1321 1247 1362 teneatur
1265 1319 1291 1361 et
1309 1307 1403 1360 debeat
1424 1317 1528 1376 portare
1546 1321 1625 1358 suum
1636 1303 1685 1358 ce

515 1413 590 1449 reum
608 1397 640 1450 ad
660 1399 768 1450 missam
787 1410 813 1450 et
832 1399 866 1450 ibi
887 1413 949 1450 eum
968 1411 1057 1451 tenere
1075 1414 1213 1468 quousque
1232 1398 1311 1450 missa
1325 1395 1402 1448 suerit
1416 1394 1546 1448 celebrata
1561 1391 1617 1446 Sub
1629 1408 1684 1462 pre·

515 1485 586 1537 dicto
606 1485 703 1550 bann0,
721 1485 869 1538 solidorum
888 1484 946 1538 XX.
966 1485 1143 1555 papiensium.

518 1677 570 1744 30.
596 1657 645 1724 De
669 1657 789 1725 Salaria
814 1657 1005 1726 Consulum.

551 1763 694 1816 Millesimo
713 1764 892 1818 tricentesimo
918 1765 1054 1835 trigesimo
1083 1765 1178 1834 primu,
1214 1763 1257 1817 die
1289 1763 1403 1828 Sabbati,
1434 1761 1558 1816 Secundo
1583 1762 1683 1814 mensis

514 1852 682 1904 Nouembris.
702 1852 786 1922 Super
804 1853 909 1906 Palacio
929 1853 1060 1906 Comanis
1079 1852 1196 1922 Bugelle.
1216 1852 1318 1905 Ibidem
1338 1863 1464 1904 statutum
1484 1861 1510 1902 et
1529 1849 1681 1903 ordinatum

515 1938 565 1992 luit
583 1957 628 2008 per
649 1939 802 2010 Collegium
822 1941 1000 1994 Ferrariomrn
1021 1941 1102 2002 Quod
1123 1940 1160 1992 illi
1180 1940 1224 2009 qui
1244 1952 1321 1992 erunt
1341 1938 1471 1992 Consules
1490 1939 1552 1991 dicti
1566 1937 1680 2008 Collegij

515 2028 629 2080 habeant
648 2041 673 2080 et
692 2029 788 2081 babere
807 2029 920 2081 debeant
938 2045 986 2098 pro
1005 2045 1098 2082 eorum
1123 2028 1217 2080 salario
1245 2027 1351 2079 Solidos
1379 2027 1485 2079 LXXV.
1516 2025 1682 2096 papiensium

515 2115 636 2168 videlicet
654 2115 701 2168 Ille
719 2116 832 2186 quierit
851 2116 997 2180 Clanarius,
1016 2116 1115 2169 solidos
1134 2115 1163 2168 l..
1183 2115 1349 2184 papiensium
1367 2126 1394 2167 et
1411 2113 1455 2182 alij
1484 2113 1584 2167 solidos
1593 2112 1680 2167 XXV.

515 2219 691 2274 papiensium.

519 2415 569 2482 31.
594 2395 644 2461 De
668 2394 788 2462 famulo
812 2394 852 2461 ad
875 2395 1017 2462 officium
1042 2395 1190 2461 Perrarie.

551 2502 619 2554 item
637 2513 764 2554 statutum
784 2514 809 2554 et
828 2502 980 2554 ordinatum
1010 2513 1049 2554 est
1075 2502 1155 2554 hodie
1186 2501 1215 2553 in
1246 2500 1324 2572 pleno
1353 2500 1476 2571 Collegio
1504 2500 1682 2553 Ferrariomm

514 2591 599 2658 Super
616 2588 722 2642 Palacio
741 2589 872 2643 Comunis
892 2589 1001 2658 bugelle
1019 2606 1115 2642 omnes
1133 2591 1160 2642 in
1180 2589 1330 2652 concordia,
1350 2590 1433 2652 Quod
1452 2588 1542 2642 nullus
1560 2587 1593 2640 de
1610 2589 1682 2641 dicto

515 2677 639 2746 Collegio
658 2678 739 2746 possit
757 2694 806 2728 nec
825 2678 918 2730 debeat
936 2689 1026 2730 tenere
1044 2677 1160 2748 aliquem
1180 2676 1310 2730 famulum
1323 2677 1356 2729 ad
1369 2675 1488 2729 officium
1501 2675 1617 2730 Fennrie
1625 2675 1682 2729 siue

513 2765 576 2817 dicti
595 2764 735 2834 (Collegij)
754 2765 819 2816 vltra
839 2777 899 2818 octo
918 2765 974 2817 dies
992 2766 1042 2818 nisi
1063 2765 1133 2835 prius
1152 2765 1414 2818 brentconuentatus
1428 2765 1456 2817 in
1469 2763 1603 2834 presencia
1612 2764 1682 2817 Con·

513 2853 602 2905 sulum
621 2853 666 2922 qui
685 2869 732 2922 pro
750 2854 913 2922 temporibus
932 2852 1036 2918 fuerint,
1055 2854 1088 2906 Et
1106 2853 1178 2924 quod
1189 2851 1235 2905 Ille
1246 2853 1360 2906 famulus
1372 2863 1548 2905 conuentatus
1560 2863 1680 2904 teneatur

514 2941 576 2992 dare
593 2940 770 2992 incontinenti
790 2957 835 2993 seu
855 2941 993 2993 accordare
1012 2940 1174 2993 Consulibus
1192 2941 1301 3010 predicti
1321 2940 1435 3010 Collegij
1456 2940 1556 2993 solidos
1567 2939 1626 2993 XL.
1640 2955 1682 3008 pa·

514 3028 654 3098 piensium.
674 3029 706 3079 Et
724 3028 757 3080 de
776 3029 897 3098 predictis
916 3027 988 3080 nulla
1007 3029 1094 3096 gracia
1113 3028 1167 3080 fieri
1188 3029 1277 3098 possit,
1292 3028 1325 3082 Et
1335 3029 1356 3080 si
1367 3029 1425 3097 quis
1435 3027 1551 3098 aliquam
1565 3027 1680 3096 graciam

514 3133 605 3185 perse
623 3115 666 3168 uel
686 3133 732 3185 per
749 3115 832 3168 alium
852 3115 958 3184 pecierit
977 3116 1063 3168 soluat
1083 3117 1201 3170 bannum
1221 3131 1268 3185 pro
1286 3116 1404 3186 qualibet
1422 3117 1480 3168 uice
1489 3115 1638 3168 solidorum
1648 3115 1680 3167 X.
1713 3183 1721 3196 ι

513 3205 686 3273 papiensium.
707 3204 788 3266 Quod
808 3205 926 3257 bannum
945 3203 1077 3258 Constrles
1095 3205 1141 3274 qui
1160 3219 1208 3274 pro
1227 3203 1391 3274 temporibus
1418 3202 1517 3257 luerint
1542 3213 1681 3257 teneantur

514 3307 627 3362 exigere.

515 3502 565 3570 32·
590 3485 639 3550 De
662 3483 727 3549 Illis
752 3485 806 3572 qui
830 3483 946 3550 debent
969 3483 1085 3550 babere
1108 3501 1231 3571 partem
1255 3483 1422 3551 Carbonis.

548 3591 614 3642 Item
634 3603 761 3643 statutum
781 3592 908 3660 estquod
928 3591 949 3643 si
969 3591 1064 3660 aliquis
1083 3603 1182 3644 emeret
1201 3591 1354 3645 Carbonem
1373 3591 1406 3643 de
1424 3603 1534 3644 ventura
1553 3603 1579 3644 et
1588 3590 1680 3644 nullus

511 3679 577 3731 alter
595 3679 628 3731 de
647 3678 770 3748 Collegio
790 3679 971 3748 superuenerit
990 3680 1061 3748 quod
1081 3679 1128 3732 Ille
1147 3679 1192 3750 qui
1212 3679 1392 3749 superuenerit
1412 3679 1493 3748 possit
1511 3679 1607 3732 babere
1626 3695 1681 3748 par-

512 3778 566 3819 tem
585 3766 647 3818 dicti
667 3767 782 3820 Carboni
803 3767 919 3835 predicto
938 3767 1035 3836 precio,
1054 3767 1086 3819 Et
1105 3768 1149 3836 qui
1169 3765 1350 3820 contrafecerit
1369 3767 1455 3819 soluat
1474 3768 1592 3819 bannum
1621 3766 1681 3818 soli·
1768 3831 1773 3840 .

511 3853 606 3906 dorum
626 3853 683 3906 XX.
703 3855 876 3924 papiensium.
896 3855 928 3906 Et
947 3853 1014 3906 ultra
1031 3855 1081 3906 hoc
1095 3866 1215 3907 teneatur
1227 3855 1288 3906 dare
1300 3854 1349 3906 sibi
1363 3867 1463 3924 partem
1476 3854 1539 3907 dicti
1553 3853 1678 3906 Carboni.

513 4065 565 4132 33.
588 4045 639 4111 De
661 4043 722 4112 Illo
745 4047 799 4135 qui
823 4067 890 4112 non
914 4044 1008 4112 debet
1032 4043 1136 4112 dicere
1160 4044 1277 4133 aliquid
1301 4047 1335 4111 in
1359 4043 1516 4132 Collegio.

546 4151 691 4205 Millesimo
705 4153 889 4204 trecentesimo
909 4153 1046 4221 trigesimo
1065 4152 1187 4221 septimo,
1206 4151 1249 4204 die
1268 4151 1374 4204 Sabbati
1404 4150 1462 4203 XV.
1490 4151 1589 4204 mensis
1618 4151 1678 4204 No·
1753 4145 1757 4155 ⁴

511 4239 637 4291 uembris
656 4238 740 4310 Super
757 4239 863 4292 Palacio
882 4239 1014 4293 Comunis
1033 4238 1142 4309 bugelle
1161 4240 1189 4293 in
1209 4239 1289 4310 pleno
1309 4238 1433 4309 Collegio
1454 4237 1552 4292 lactum
1567 4236 1681 4292 luithoc

512 4337 641 4380 statutum
651 4325 779 4380 videlicet
