3926 5542
504 557 554 612 170

536 681 578 732 25.
597 663 680 726 Quod
698 661 792 732 aliquis
810 661 924 715 tenuerit
942 661 1058 731 aliquam
1076 657 1217 712 mulierem
1235 674 1291 711 non
1318 657 1458 711 honestam
1486 671 1534 726 pro
1560 669 1663 708 concu-

501 753 562 804 bina
581 749 625 804 uel
643 751 749 803 amaria.

537 837 579 892 26.
598 839 641 890 De
659 854 725 906 pena
744 849 831 906 raptus
850 837 985 906 uirginum
1004 847 1030 888 et
1048 831 1298 887 sanctimonialium.

538 941 579 992 27.
599 926 641 977 De
659 941 725 994 pena
744 925 941 977 accomodann's
959 924 1071 976 domum
1090 921 1247 975 adulteranti
1266 919 1394 989 stupranti
1413 918 1456 972 uel
1474 919 1646 972 incestuante.

539 1014 579 1065 28.
599 1013 641 1064 De
659 1029 726 1081 pena
745 1011 940 1064 luxuriantium
958 1023 1049 1063 contra
1068 1023 1197 1062 naturam.

538 1115 580 1170 29.
599 1101 641 1152 De
659 1116 726 1168 pena
745 1099 946 1151 comittencium
964 1097 1040 1150 surra.
1060 1097 1105 1164 (V.
1126 1097 1176 1149 128
1195 1095 1227 1149 ad
1249 1111 1307 1166 139.
1326 1094 1382 1166 Rep.
1402 1095 1472 1148 Mon.
1491 1093 1535 1164 11).

541 1202 580 1256 3ο.
599 1187 641 1239 De
659 1203 726 1256 pena
744 1187 904 1240 intrantium
924 1187 1035 1238 domum
1054 1183 1097 1237 uel
1116 1195 1218 1236 curtem
1236 1183 1350 1236 alienam
1370 1183 1402 1235 de
1420 1195 1507 1235 nocte

541 1291 580 1344 31.
599 1275 641 1327 De
659 1291 726 1343 pena
745 1275 895 1327 derobantis
913 1289 959 1342 per
977 1272 1137 1326 uiolandam
1156 1283 1182 1324 et
1200 1271 1356 1340 receptantis
1373 1270 1458 1340 ipsam
1471 1270 1610 1322 robariam.
1621 1269 1666 1338 (V.

507 1379 564 1432 131.
587 1377 643 1426 141.
663 1362 720 1432 Rep.
740 1362 810 1413 Mon.
829 1362 874 1428 ll).

542 1465 582 1518 32.
600 1450 643 1502 De
661 1467 688 1502 re
706 1450 836 1502 subtracta
854 1450 963 1501 inuenta
982 1465 1061 1518 penes
1079 1449 1196 1518 aliquam
1216 1463 1364 1518 personam.
1387 1448 1432 1516 (V.
1454 1461 1512 1517 131.
1534 1461 1592 1512 141.
1611 1445 1668 1517 lup.

505 1538 574 1591 Mon.
594 1537 639 1604 ΙΙ).

543 1639 582 1694 33.
600 1624 643 1676 De
661 1640 729 1694 pena
747 1625 870 1694 ponentis
888 1625 979 1694 ignem
997 1625 1026 1678 io
1044 1626 1133 1696 aliqua
1150 1637 1230 1694 parte
1245 1624 1288 1693 (V.
1303 1639 1344 1693 71.
1358 1639 1400 1692 72.
1415 1639 1457 1692 73.
1471 1623 1608 1694 11411111
1623 1621 1668 1689 Π)

544 1727 583 1780 34.
602 1711 644 1764 De
662 1728 729 1780 pena
748 1713 870 1782 ponentis
888 1711 981 1782 ignem
998 1714 1031 1765 ad
1050 1731 1145 1766 nemus
1164 1725 1189 1764 et
1210 1711 1274 1765 alias
1292 1729 1332 1764 res
1350 1712 1530 1781 capescendas
1562 1710 1608 1779 (V.
1627 1723 1669 1780 79.

506 1785 564 1868 inp.
583 1787 652 1851 sion.
672 1800 717 1867 11).

545 1902 584 1954 35.
603 1887 645 1939 De
663 1903 729 1956 pena
749 1886 874 1940 salsorum
893 1889 925 1940 ad
945 1889 1090 1958 scripturas.
1110 1889 1154 1958 (V.
1178 1904 1227 1955 144
1245 1891 1278 1942 ad
1300 1904 1357 1958 149.
1377 1888 1422 1955 11).

545 1973 584 2042 36.
603 1974 645 2027 De
663 1992 730 2044 pena
748 1976 985 2029 subcumbendum
1003 1977 1206 2047 impugnatione
1223 1977 1333 2030 alicuius
1351 1975 1456 2046 publice
1472 1977 1606 2046 scripture.

545 2075 585 2129 37.
604 2061 646 2114 De
664 2079 732 2131 pena
751 2064 957 2132 producentium
976 2062 1055 2117 lalsos
1081 2077 1159 2118 testes
1187 2077 1213 2118 et
1240 2066 1348 2118 testium
1375 2063 1439 2117 false
1466 2063 1671 2118 testificantium.

508 2149 552 2218 (Κ
575 2147 633 2218 3⁶3·
652 2149 681 2214 1;
703 2165 760 2218 145-
783 2149 840 2217 14⁶·
860 2151 906 2218 11)-

547 2238 586 2306 38.
606 2238 648 2290 De
665 2254 732 2307 pena
751 2241 910 2296 semitorum
928 2241 1129 2294 cominantium
1148 2241 1267 2294 fraudem
1285 2235 1314 2294 in
1333 2257 1427 2294 eorum
1445 2240 1542 2295 officio.
1555 2241 1599 2310 (V.
1615 2256 1672 2307 114.

508 2325 566 2395 Rep.
585 2325 654 2377 Mon.
674 2324 706 2388 1;
724 2324 749 2378 6.
770 2341 794 2392 7.
813 2327 838 2380 8.
856 2344 881 2397 9.
901 2327 958 2399 ch.
978 2329 1047 2381 Mon.
1067 2329 1108 2393 11;
1127 2330 1152 2381 8.
1175 2329 1214 2397 38.
1233 2329 1295 2396 ΙΙΙ).

546 2428 586 2482 39.
606 2413 647 2464 De
665 2430 733 2482 pena
751 2413 814 2466 salse
832 2428 947 2468 monete
967 2417 1011 2483 (V.
1032 2431 1081 2481 144
1100 2417 1133 2469 ad
1154 2432 1212 2486 149.
1232 2417 1276 2487 11).

544 2514 586 2565 4ο.
606 2499 648 2552 De
665 2517 733 2570 pena
751 2503 913 2556 comittentis
931 2504 1064 2572 priuatum
1083 2520 1221 2556 carcerem.

486 2607 498 2630 ο
545 2602 587 2651 41.
607 2587 649 2640 De
667 2605 734 2657 pena
753 2589 891 2642 euellentis
909 2607 955 2643 seu
974 2591 1121 2660 estirpuntis
1140 2603 1185 2644 aut
1203 2591 1345 2661 plantantis
1363 2595 1492 2646 terminos
1521 2594 1675 2646 auctoritate

511 2676 615 2744 propria
633 2677 690 2728 sine
709 2693 839 2730 consensu
858 2678 948 2730 vicini.
967 2679 1010 2748 (V.
1033 2695 1090 2747 133.
1110 2680 1166 2750 Rep.
1187 2680 1220 2743 l;
1238 2680 1280 2749 69.
1301 2695 1343 2748 70.
1362 2681 1419 2752 Rep.
1439 2681 1509 2734 Mon.
1528 2681 1573 2748 11).

546 2777 589 2828 41.
608 2763 650 2816 De
669 2780 737 2833 pena
755 2765 982 2818 trascendencium
1000 2783 1092 2819 muros
1109 2767 1167 2820 siue
1190 2768 1377 2837 palanchatum
1407 2769 1520 2838 bugelle
1551 2769 1594 2838 (V.
1618 2783 1675 2836 133.

511 2864 545 2904 11
590 2851 622 2902 1.

545 2865 590 3007 13.
603 2851 652 2992 )De
670 2957 737 3010 pena
755 2941 906 3011 accipientis
925 2943 1063 3013 capucium
1082 2943 1139 2997 siue
1157 2943 1287 3014 capellum
1306 2945 1392 2998 alicui.

546 3041 588 3092 44.
609 3028 650 3080 De
670 3045 736 3098 pena
756 3029 894 3083 alienantis
913 3047 969 3084 rem
988 3032 1089 3084 duabus
1107 3033 1233 3102 personis.

551 3131 594 3185 43.
613 3117 655 3170 De
673 3119 850 3171 contractibus
868 3117 942 3171 sactis
959 3132 1019 3188 post
1037 3120 1163 3173 delictum
1182 3120 1335 3173 comissum.

547 3207 589 3275 46.
609 3207 651 3260 De
669 3225 736 3277 pena
754 3207 907 3277 occupantis
925 3208 1117 3276 possessionem
1136 3207 1258 3260 alienam.

546 3312 590 3365 47.
609 3296 651 3348 De
670 3311 737 3364 pena
755 3295 902 3364 rumpentis
920 3311 1012 3364 pacem
1032 3294 1172 3346 fidentiam
1191 3293 1234 3346 uel
1253 3296 1401 3365 treugham.

548 3383 591 3448 48.
611 3383 653 3434 De
671 3399 738 3452 pena
756 3381 898 3434 auferentis
917 3383 1032 3454 aliquem
1052 3380 1248 3434 malefactorem
1267 3382 1301 3434 de
1319 3382 1442 3434 manibus
1460 3382 1605 3451 regiminis

550 3485 593 3540 49.
613 3470 655 3522 De
673 3487 740 3538 pena
759 3470 895 3523 minorum
914 3469 1095 3539 quatordecim
1114 3469 1191 3522 annis
1209 3469 1434 3540 delinquendum.

551 3571 591 3626 50.
610 3557 652 3610 De
670 3574 737 3627 pena
756 3557 911 3626 receptantis
930 3557 1060 3611 bannitos.
1080 3557 1125 3624 (V.
1147 3572 1204 3625 172.
1227 3571 1284 3625 173.
1304 3558 1360 3628 Rep.
1380 3558 1449 3610 Mon.
1468 3557 1517 3624 ΙΙ).

551 3661 591 3713 51.
611 3646 692 3706 Quod
711 3645 812 3698 banniti
831 3645 864 3697 de
882 3644 1010 3698 malefitio
1028 3645 1129 3714 possint
1147 3645 1257 3714 impune
1275 3644 1376 3698 offendi
1391 3657 1447 3697 tam
1465 3645 1493 3696 in
1508 3644 1585 3698 rebus
1597 3659 1678 3713 quam

513 3733 541 3786 in
561 3749 679 3802 persona.
699 3733 748 3802 (V.
770 3748 827 3801 139.
850 3731 907 3786 162.
927 3732 983 3803 Rep.
1003 3733 1072 3785 Mon.
1091 3733 1137 3802 11).

553 3835 592 3888 52.
612 3821 653 3872 De
672 3819 866 3872 remunerando
885 3821 1072 3891 consignantes
1090 3819 1270 3874 malefactores
1288 3831 1315 3874 et
1333 3820 1463 3874 bannitos
1475 3819 1519 3889 (V.
1541 3835 1599 3890 159.
1621 3818 1678 3872 162.

514 3907 573 3979 Rtp.
592 3907 662 3960 Mon.
681 3907 727 3975 ΙΙ).

553 4009 593 4065 33.
612 3995 654 4049 De
672 4011 739 4066 pena
757 3995 904 4066 rumpentis
922 4012 1044 4050 carceres

554 4098 594 4151 54.
613 4083 655 4136 De
673 4084 852 4154 mittigatione
871 4085 913 4155 (1)
932 4097 1062 4138 certarum
1080 4101 1260 4154 personarum.

542 4327 572 4381 (1)
587 4325 644 4367 Mle
658 4338 762 4381 rum·
