3978 5546
522 541 553 594 14

517 653 612 707 caneri
630 653 652 706 si
671 651 750 706 fuerit
768 652 917 724 requisitus.
936 663 963 708 et
980 651 1002 706 si
1021 668 1121 706 casare
1140 651 1264 707 noluerit
1282 650 1369 706 soluat
1388 651 1511 706 bennum
1530 652 1578 706 sol.
1593 651 1649 707 LX.
1662 665 1690 708 et

518 741 710 796 nichilominus
729 741 830 797 dictum
848 741 1028 796 saximenturn
1046 741 1080 795 sit
1098 759 1202 796 cassum
1220 741 1325 794 irritum
1343 753 1370 794 et
1388 740 1488 794 nullius
1514 740 1620 796 ualoris.
1646 758 1690 813 pe-
1728 799 1736 810 ,

517 829 590 884 nitus
608 842 634 884 et
652 831 792 884 momenti.
812 842 839 884 et
857 830 929 902 quod
947 842 1076 885 statutum
1094 847 1150 884 non
1172 831 1328 883 extendatur
1345 829 1378 882 ad
1397 828 1474 883 fures.
1493 829 1616 883 latrones.
1641 845 1689 884 seu

518 932 642 990 ruptores.
661 935 718 972 nec
737 919 900 991 intelligetur
918 919 951 974 de
970 920 1047 973 bonis
1065 918 1156 974 iuratis
1174 931 1200 973 et
1219 917 1319 972 ablatis.
1339 918 1471 972 uiolenter
1488 917 1533 972 uel
1545 918 1687 973 derubatis.

554 1077 597 1148 67.
616 1079 683 1132 Item
702 1091 829 1134 statutam
849 1090 888 1132 est
906 1080 978 1150 quod
996 1080 1018 1134 si
1037 1081 1124 1150 aliqua
1143 1095 1254 1150 persona
1272 1079 1306 1132 de
1324 1077 1438 1149 bugella.
1457 1095 1503 1132 seu
1522 1077 1644 1133 babitans
1660 1079 1689 1133 in

519 1167 625 1240 bugella
642 1167 770 1222 locauerit
787 1167 904 1238 aliquam
923 1169 1036 1222 domurn
1055 1168 1099 1222 uel
1117 1167 1198 1221 aliam
1216 1166 1411 1238 possessionem
1423 1165 1502 1220 alicui
1512 1183 1624 1238 persone
1636 1185 1688 1239 que

519 1269 621 1310 recuset
640 1257 745 1310 soluere
763 1255 851 1310 banna
869 1255 944 1310 fodra
962 1257 1033 1310 datia
1051 1268 1077 1310 et
1095 1255 1159 1310 alias
1176 1255 1362 1327 impositiones
1379 1255 1405 1308 ei
1427 1255 1471 1309 uel
1499 1255 1537 1310 eis
1563 1255 1689 1326 imposita

520 1345 563 1399 uel
581 1345 718 1415 impositas
736 1361 783 1416 per
799 1361 916 1398 comune
934 1344 1048 1415 bugelle.
1068 1345 1141 1416 quod
1160 1343 1287 1398 dominus
1305 1343 1402 1398 domus
1414 1343 1457 1397 uel
1470 1343 1578 1397 alterius
1591 1359 1690 1415 posses-

519 1433 603 1488 sionis
621 1434 690 1488 dicta
709 1435 796 1487 bitum
814 1444 842 1486 et
859 1432 923 1486 alias
939 1433 1123 1503 impositiones
1144 1433 1249 1486 soluere
1274 1445 1402 1486 teneatur.
1431 1433 1465 1485 Et
1492 1432 1514 1486 si
1543 1433 1690 1487 conductor

518 1521 562 1594 aiij
583 1522 687 1576 soluere
705 1535 833 1576 teneatur.
852 1521 886 1575 iit
903 1521 926 1575 si
944 1521 1092 1575 conductor
1109 1538 1164 1575 non
1184 1533 1251 1575 esset
1266 1520 1398 1574 soluendo
1417 1519 1461 1573 uel
1482 1537 1511 1574 se
1537 1520 1690 1576 defenderet

522 1609 714 1666 nichilominus
732 1610 858 1664 dominus
876 1610 973 1664 domus
991 1609 1020 1662 in
1038 1627 1090 1682 qua
1109 1610 1245 1681 delinquid
1264 1609 1368 1664 soluere
1385 1621 1513 1663 teneatur.

556 1770 599 1826 68.
618 1771 685 1825 Item
704 1783 832 1825 statutum
850 1783 877 1824 et
896 1772 1049 1825 ordinatum
1067 1784 1106 1825 est
1124 1771 1196 1842 quod
1216 1771 1288 1841 prior
1305 1783 1332 1823 et
1349 1771 1477 1824 sorestani
1490 1769 1620 1824 confrarie
1631 1787 1688 1824 non

521 1860 622 1930 possint
639 1876 688 1914 nec
707 1860 821 1913 debeant
837 1860 986 1930 expendere
1004 1876 1053 1913 nec
1071 1859 1226 1912 distribuere
1244 1859 1312 1912 ultra
1330 1858 1396 1912 iilud
1415 1859 1487 1930 quod
1500 1859 1638 1929 exegerint
1645 1859 1689 1913 uel

520 1949 627 2018 exigere
645 1948 784 2002 debuerint
801 1949 835 2002 de
852 1949 1026 2018 prodentibus
1044 1947 1173 2001 conlrarie
1191 1948 1263 2001 illius
1281 1947 1344 2001 nuni
1372 1949 1400 2000 in
1428 1963 1482 2018 quo
1511 1960 1600 2001 essent
1626 1947 1689 2001 dicti

521 2038 593 2108 prior
603 2049 631 2090 et
647 2037 775 2090 sorestani
794 2037 938 2090 constituti.
957 2037 991 2090 Et
1008 2036 1030 2090 si
1049 2035 1250 2090 contrafecerint
1268 2052 1324 2089 non
1343 2035 1494 2089 restituatur
1511 2036 1550 2088 eis
1575 2036 1608 2091 de
1637 2037 1689 2090 Ere

520 2125 644 2179 comunis
662 2142 711 2180 nec
729 2123 858 2179 confrarie
870 2125 921 2178 nisi
933 2125 986 2178 hoc
996 2123 1118 2177 fecissent
1126 2124 1159 2178 de
1169 2123 1275 2178 lioentia
1285 2124 1419 2178 credentie
1427 2135 1537 2194 optenta
1546 2137 1690 2196 antequam

520 2215 667 2285 inciperent
685 2213 840 2268 distribuere
857 2213 956 2266 dictam
975 2211 1146 2267 confrariam.

557 2375 600 2446 69.
619 2375 687 2429 itern
705 2386 833 2430 statutum
852 2375 981 2445 estquod
1000 2374 1046 2445 qui
1064 2365 1202 2444 proiecerit
1220 2374 1319 2444 lapides
1331 2373 1375 2426 uel
1387 2375 1535 2444 dampnum
1548 2373 1649 2428 dederit
1661 2373 1689 2428 in

522 2465 647 2518 domibus
665 2463 841 2518 Ecclesiarum
860 2462 990 2517 eonfrarie
1009 2464 1132 2516 comunis
1144 2463 1320 2516 etcuiuslibet
1328 2463 1470 2534 singularis
1482 2480 1594 2534 persone
1604 2461 1691 2517 soluat

522 2555 641 2607 brennum
660 2569 708 2624 pro
721 2553 840 2624 quolibet
859 2565 886 2606 et
905 2551 1022 2623 qualibet
1041 2551 1101 2604 uice
1118 2551 1167 2606 sol.
1186 2552 1219 2604 V.
1239 2568 1281 2623 pp.

559 2731 601 2784 7⁰·
619 2717 687 2769 Item
706 2715 778 2786 quod
797 2715 914 2785 quelibet
932 2731 1044 2785 persona
1062 2731 1114 2785 que
1133 2725 1252 2767 accusata
1271 2712 1349 2767 suerit
1368 2713 1521 2768 consulibus
1540 2713 1647 2786 bugelle
1658 2713 1691 2767 ab

523 2803 577 2858 alio
595 2821 677 2875 quam
696 2821 741 2874 per
759 2801 887 2856 ofitiaiem
905 2801 1029 2856 comunis
1047 2802 1069 2856 si
1088 2815 1148 2872 post
1165 2819 1284 2855 acussam
1306 2801 1374 2855 infra
1401 2818 1535 2856 menssem
1562 2800 1691 2856 defensio

523 2910 587 2947 nem
606 2909 661 2945 non
680 2891 770 2944 iecerit
788 2902 867 2962 atque
885 2891 986 2944 dederit
1004 2908 1063 2944 enm
1083 2891 1110 2943 in
1130 2892 1231 2961 scriptis
1249 2889 1403 2944 consulibus
1421 2889 1549 2943 habeatur
1569 2906 1617 2959 pro
1629 2906 1692 2942 con·

524 2983 646 3036 dennata.
665 2993 691 3034 et
709 2981 743 3034 ab
761 2981 816 3050 ipsa
835 2997 947 3051 persona
965 2981 1085 3033 bannum
1097 2980 1217 3050 exigatur
1234 2990 1261 3032 et
1272 2979 1409 3049 perueniat
1421 2979 1450 3033 in
1460 2977 1692 3050 comunebugelle

523 3070 633 3145 perinde
650 3087 680 3124 ac
698 3070 720 3123 si
738 3085 831 3124 accusa
849 3070 958 3142 probata
975 3081 1044 3122 esset
1060 3086 1106 3141 per
1124 3071 1191 3123 duos
1210 3069 1345 3142 legitimos
1358 3080 1444 3122 testes

632 3371 680 3424 DE
698 3371 852 3425 SANCTIS
871 3371 998 3425 FESTIS.
1018 3370 1188 3425 ECLEXIIS.
1207 3371 1344 3424 SALMIS.
1364 3370 1586 3424 CUMFRARIA.

882 3477 930 3531 ET
949 3476 1145 3531 HOSPITALI
1168 3508 1199 3516 —-
1219 3476 1251 3530 R.
1271 3477 1328 3531 1111.

562 3690 604 3744 71.
623 3675 757 3728 Statutum
770 3686 809 3727 est
828 3673 900 3744 quod
918 3672 963 3727 illa
991 3689 1103 3742 persona
1130 3689 1182 3744 que
1209 3671 1431 3743 blasplremauerit
1458 3671 1501 3724 uel
1530 3670 1695 3726 maledixerit

525 3762 615 3816 deum.
635 3761 677 3815 uel
696 3773 814 3815 sanctam
833 3761 952 3814 Mariam.
962 3772 1008 3814 aut
1019 3759 1136 3831 aliquem
1149 3773 1270 3814 sanctum
1284 3759 1326 3813 uel
1336 3773 1462 3813 sanctam.
1478 3761 1531 3813 Aut
1543 3759 1589 3832 qui
1600 3759 1694 3812 dixerit

528 3853 557 3906 in
576 3853 699 3922 despectu
718 3863 763 3904 aut
782 3850 852 3904 male
870 3862 943 3922 grate
961 3850 1072 3904 alicuius
1090 3851 1217 3920 ipsorum.
1237 3851 1292 3903 Aut
1310 3849 1356 3920 qui
1372 3849 1503 3920 Jurauerit
1521 3865 1623 3920 corpus.
1637 3866 1694 3902 san·

526 3941 646 4012 guinem.
665 3939 708 3994 uei
727 3955 758 3992 os
775 3939 827 3992 dei.
846 3937 888 3992 uel
908 3951 998 3992 sancte
1016 3939 1099 3992 Marie
1116 3939 1203 3992 solunt
1216 3940 1334 3992 bannum
1347 3954 1395 4008 pro
1408 3937 1528 4008 quolibet
1540 3949 1566 3992 et
1577 3937 1694 4008 qualibet

525 4029 586 4082 uice
603 4027 651 4081 sol.
671 4028 798 4099 quinque.
817 4045 859 4097 pp.

564 4203 607 4257 72.
626 4188 693 4241 Item
712 4199 839 4242 statutum
859 4188 988 4260 estquod
1007 4187 1099 4240 omnin
1119 4186 1183 4240 festa
1202 4187 1281 4241 Beate
1299 4173 1382 4242 Marie
1400 4187 1518 4260 virginis.
1538 4198 1564 4240 et
1576 4198 1696 4258 apposto

528 4277 626 4342 lorum,
645 4289 672 4331 et
690 4276 786 4331 serum
805 4277 930 4331 omnium
948 4277 1115 4330 Sanctorum
1134 4288 1161 4329 et
1173 4274 1238 4329 festa
1250 4277 1389 4332 beatorum
1402 4279 1507 4348 Eusebij
1522 4277 1556 4332 ed
1568 4275 1695 4346 Stephani

528 4367 562 4423 de
580 4383 686 4422 mensse
703 4367 817 4440 augusti.
836 4377 863 4420 et
880 4381 975 4420 omnes
993 4365 1050 4420 dies
1068 4365 1196 4420 dominici
1213 4365 1312 4420 sintin
1332 4368 1429 4422 banno
1439 4379 1466 4420 et
1477 4367 1524 4439 qui
1536 4365 1695 4420 laborauerit
