3960 5522
1378 505 1428 562 129

263 631 313 699 39.
344 612 393 677 De
417 609 543 679 eodem.

296 719 364 773 Item
382 728 529 770 statuerunt
555 727 582 770 et
610 717 800 772 ordinauerunt
828 721 899 791 quod
918 717 1049 789 predictus
1066 718 1192 772 dominus
1212 716 1376 773 collateralis
1394 729 1430 770 te·

260 817 354 860 nentur
371 821 480 876 querere
497 803 609 875 singulis
626 805 719 858 diebus
738 807 864 860 merchati
883 823 978 860 ornnes
996 818 1022 860 et
1040 806 1160 878 singulos
1173 806 1317 860 vendentes
1336 822 1427 859 carnes

260 907 287 948 et
306 910 424 947 casseum
443 909 473 946 ac
491 905 674 946 mensurantes
693 894 800 948 bladum
819 911 938 965 pannum
957 908 984 949 et
1000 895 1074 959 telas,
1087 895 1120 948 Et
1133 895 1154 948 si
1166 893 1300 948 inuenerit
1312 894 1429 965 aliquem

260 981 331 1036 male
349 981 541 1052 ponderantem
559 993 605 1034 aut
623 994 821 1036 mensurantem
839 1000 886 1036 seu
905 983 1049 1038 habentem
1068 985 1199 1036 stademm
1217 999 1323 1053 passum
1342 981 1385 1035 uel
1404 999 1428 1034 a·

260 1071 324 1122 liam
343 1085 496 1122 mensuram
515 1086 570 1122 non
588 1069 706 1142 signatos
724 1071 802 1142 signo
822 1071 953 1126 Comnnis
973 1072 1083 1144 Bugelle
1101 1071 1172 1124 illius
1202 1070 1265 1124 anni
1284 1069 1371 1124 soluat
1389 1087 1429 1123 so-

260 1158 329 1211 lidos
347 1158 372 1212 X
390 1158 526 1227 papienses
553 1173 601 1229 pro
627 1159 744 1230 qualibet
771 1177 894 1214 mensum
921 1173 947 1214 et
965 1161 1082 1231 pondere
1100 1173 1126 1214 et
1145 1161 1261 1232 qualibet
1279 1161 1336 1214 vice
1354 1161 1388 1214 Et
1406 1159 1429 1214 si

260 1245 324 1299 false
341 1245 451 1298 iouente
470 1245 567 1300 fuerint
584 1249 776 1318 consignentur
793 1249 914 1318 potestati
933 1250 978 1320 qui
997 1250 1065 1320 ipsas
1084 1261 1204 1304 tenentur
1222 1249 1306 1303 facere
1324 1264 1428 1302 'contre

261 1333 327 1388 mari
346 1346 376 1388 nt
393 1351 479 1404 supra,
497 1337 531 1390 Et
549 1337 615 1390 vltra
632 1337 685 1391 hoc
703 1338 789 1393 soluat
808 1355 855 1409 pro
875 1339 963 1392 banno
982 1339 1028 1409 qui
1047 1350 1163 1409 repertus
1188 1338 1266 1392 fuerit
1294 1340 1362 1409 ipsas
1380 1356 1427 1392 seu

260 1423 369 1477 alteram
388 1423 504 1492 ipsarum
522 1425 619 1479 habere
637 1443 685 1497 pro
704 1426 823 1497 quolibet
841 1438 867 1481 et
885 1426 1002 1497 qualibet
1020 1427 1078 1480 vice
1095 1426 1196 1480 solidos
1214 1427 1271 1482 LX.
1284 1427 1432 1497 papienses.

295 1563 338 1616 40.
357 1549 424 1602 Item
443 1559 590 1602 statuemur
608 1561 634 1602 et
652 1551 843 1604 ordinauerunt
861 1550 933 1620 quod
952 1549 1050 1620 singuli
1070 1549 1212 1603 familiares
1230 1549 1336 1604 domini
1356 1563 1430 1620 pote

260 1639 333 1691 statis
351 1649 490 1691 teneantur
507 1636 590 1690 semel
607 1637 636 1690 in
655 1637 698 1690 die
716 1639 749 1691 ad
768 1639 857 1692 minus
876 1655 984 1708 querere
1002 1654 1096 1691 omnes
1114 1649 1201 1708 portas
1220 1637 1295 1708 placij
1313 1651 1338 1692 et
1357 1639 1430 1709 plani

263 1725 372 1795 Bugelle
390 1726 424 1778 Et
441 1741 575 1778 accussare
588 1723 648 1778 illos
658 1725 780 1779 custodes
798 1737 853 1778 tam
872 1727 905 1779 de
924 1725 966 1779 die
984 1741 1065 1796 quam
1078 1727 1111 1779 de
1124 1737 1203 1778 nome
1214 1725 1247 1779 ad
1262 1725 1331 1795 ipsas
1343 1738 1431 1796 portas

261 1824 287 1864 et
306 1829 397 1865 eurum
416 1810 561 1882 quamlibet
579 1811 718 1882 depuratos
736 1830 782 1884 per
800 1813 935 1867 notarium
962 1825 988 1866 et
1006 1813 1146 1867 seruitores
1176 1813 1308 1866 Comnnis
1326 1811 1431 1882 bugelle

261 1909 328 1970 quos
346 1901 465 1952 absentes
493 1911 519 1952 et
545 1900 587 1952 vel
616 1899 705 1954 minus
733 1901 893 1954 sufficientes
912 1901 1065 1955 inuenerint
1083 1919 1098 1954 a
1118 1901 1238 1954 custodia
1256 1901 1378 1970 predicta.
1398 1901 1431 1952 Et

261 1989 366 2042 soluant
383 1989 422 2041 illi
441 1988 486 2060 qui
504 1989 538 2041 ad
556 1988 624 2058 ipsas
642 2000 730 2059 portas
748 2005 803 2043 non
823 1988 921 2042 fuerint
939 1989 1042 2043 inuenta¹
1062 1989 1162 2044 solidos
1180 1989 1213 2043 X.
1233 1990 1369 2060 papienses
1379 2003 1427 2058 pro

261 2077 379 2148 quolibet
397 2089 423 2129 et
441 2075 557 2147 qualibet
574 2077 640 2142 vice,
658 2077 693 2130 Et
710 2077 755 2147 qui
774 2077 899 2131 inventus
917 2077 995 2130 fuerit
1014 2077 1104 2130 minus
1131 2077 1266 2131 sufficiens
1284 2076 1371 2130 soluat
1390 2085 1430 2129 so·

261 2166 329 2220 lidos
339 2165 372 2218 V.
383 2165 526 2236 papienses.

295 2302 338 2354 41.
358 2289 425 2342 Item
444 2290 515 2360 quod
534 2289 621 2342 dictus
639 2288 805 2344 Collateralis
823 2301 849 2342 et
867 2305 962 2342 omnes
980 2289 1023 2360 aiij
1045 2301 1071 2343 et
1089 2289 1187 2360 singuli
1206 2288 1348 2343 familiares
1365 2287 1427 2342 dicti

261 2377 364 2430 dondni
383 2377 517 2446 potestatis
537 2387 678 2430 teneantur
696 2377 728 2430 ed
748 2377 860 2430 debeant
872 2379 920 2430 sub
933 2378 1040 2432 vinculo
1054 2378 1153 2448 prestiti
1166 2378 1310 2448 juramenti
1321 2393 1430 2446 querere

262 2465 329 2518 bene
346 2465 487 2535 diligenter
505 2477 532 2518 et
549 2465 677 2535 sagaciter
694 2481 789 2518 omnes
807 2477 834 2518 et
852 2466 971 2536 singulos
990 2484 1057 2536 quos
1081 2467 1234 2519 inuenerint
1260 2465 1386 2518 sciuerint
1404 2477 1430 2516 et

260 2553 410 2606 audiuerint
428 2565 518 2606 tenere
537 2553 697 2606 baschiacias
715 2565 771 2606 tam
789 2555 817 2606 in
836 2555 961 2608 domibus
979 2555 1033 2608 suis
1051 2572 1132 2625 quarn
1151 2553 1213 2606 alibi
1225 2565 1271 2607 aut
1289 2552 1379 2606 ludere
1392 2553 1424 2604 ad

260 2641 354 2696 ludum
372 2641 536 2711 prohibitum
555 2641 702 2694 secundum
721 2640 834 2694 fonnam
853 2653 1012 2696 statutorum
1032 2643 1164 2696 Comunis
1182 2641 1288 2712 bugelle
1316 2641 1360 2694 uel
1378 2657 1426 2693 su-

260 2741 381 2799 prastare,
400 2729 433 2782 Et
451 2730 521 2798 ipsos
540 2739 566 2781 et
584 2727 730 2798 quemlibet
748 2745 841 2782 eorum
860 2730 937 2783 scribi
957 2729 1040 2783 facere
1059 2731 1164 2783 notario
1187 2727 1378 2782 Maleficiorum
1397 2729 1425 2780 in

260 2818 328 2870 libro
347 2815 538 2870 maleficiorum
557 2815 627 2880 dicti,
648 2816 779 2870 Conrunis
799 2817 841 2885 (1)
860 2818 934 2870 cuius
953 2818 1034 2870 banni
1047 2835 1093 2870 seu
1109 2816 1361 2887 condampnacionis
1373 2817 1429 2885 ipse

261 2905 425 2958 Collateralis
444 2915 470 2956 et
488 2903 629 2958 familiares
648 2904 763 2957 habeant
781 2905 888 2958 terciam
908 2917 1009 2975 partem
1028 2907 1062 2959 Et
1080 2905 1132 2959 alie
1150 2906 1202 2958 due
1228 2915 1312 2974 partes
1332 2921 1427 2974 perue-

261 2993 338 3045 niant
356 2992 384 3045 in
404 2991 523 3045 Comuni
542 2993 555 3062 (
573 2993 593 3060 ).

261 3133 313 3200 42.
338 3115 386 3178 De
410 3115 630 3181 incantatione
655 3115 788 3181 carceris
812 3133 844 3181 et
867 3115 1063 3182 custodibus.

296 3221 363 3272 Item
382 3219 555 3272 decreuerunt
573 3220 649 3272 annis
667 3220 779 3290 singulis
792 3221 924 3274 Comunis
937 3221 1075 3274 Carcerem
1089 3222 1226 3274 incantari.
1239 3223 1272 3273 Er
1282 3222 1354 3290 quod
1366 3221 1428 3274 alibi

260 3325 341 3378 quarn
360 3307 396 3359 ibi
415 3323 470 3359 non
494 3307 594 3376 possint
612 3309 734 3360 carcerati
753 3309 854 3377 reponi,
865 3309 921 3370 Qui
940 3309 1089 3360 incantator
1108 3321 1228 3362 teneatur
1247 3309 1365 3361 Comuni
1386 3309 1429 3360 bo-

260 3413 309 3448 nos
328 3407 354 3447 et
371 3393 491 3465 ydoneos
510 3393 675 3448 fideiussores
693 3407 806 3465 prestare
827 3413 908 3466 usque
927 3397 959 3449 ad
978 3397 1155 3466 quantitatem
1169 3397 1294 3448 librarum
1308 3395 1381 3448 mille
1394 3397 1427 3448 de

260 3482 439 3536 custodiendis
457 3481 568 3552 singulis
587 3483 633 3553 qui
651 3483 700 3535 sibi
719 3485 938 3552 praesentabuntur
956 3485 1099 3540 carceratis.
1113 3485 1146 3537 Et
1158 3483 1253 3537 lrabeat
1263 3500 1310 3553 pro
1319 3483 1426 3552 singulo

259 3584 390 3625 carcerato
408 3571 452 3624 die
469 3583 603 3640 noctuque
622 3569 721 3624 solidos
741 3571 808 3624 duos
820 3572 964 3641 papienses.
984 3572 1018 3624 Et
1030 3572 1051 3624 si
1065 3571 1203 3642 contingat
1215 3571 1287 3642 quod
1300 3570 1381 3640 aliqui
1395 3589 1426 3623 es

260 3659 372 3714 detentis
391 3670 552 3729 ponerentur
569 3659 597 3710 in
617 3658 789 3728 compedibus
807 3659 879 3730 quod
899 3659 1011 3712 minime
1029 3659 1074 3712 fiat
1092 3661 1143 3712 nisi
1171 3659 1199 3712 in
1228 3658 1365 3729 maleficiis
1384 3658 1427 3710 vbi

259 3766 326 3819 pena
345 3747 481 3818 sanguinis
499 3746 628 3818 ingeritur
646 3763 692 3800 seu
710 3747 739 3800 in
758 3747 930 3818 peccuniarijs
949 3748 1138 3818 quantitatibus
1152 3747 1338 3801 excedentibus
1356 3763 1426 3798 sunr-

259 3854 332 3890 mam
351 3837 477 3890 librarum
496 3835 527 3889 C.
546 3834 721 3906 papiensium,
740 3833 818 3889 Tunc
836 3835 932 3889 habeat
950 3853 998 3905 pro
1010 3836 1143 3906 positione
1155 3847 1181 3888 et
1195 3847 1340 3889 extractum
1354 3851 1426 3888 com·

258 3926 356 3996 pedum
374 3923 474 3978 solidos
492 3923 549 3977 XX.
569 3922 713 3993 papienses,
732 3923 766 3976 Et
784 3939 831 3992 pro
850 3924 970 3994 ingressu
989 3935 1015 3976 et
1033 3939 1139 3994 egressu
1152 3923 1262 3976 carceris
1274 3923 1373 3976 solidos
1392 3922 1425 3974 V.

259 4015 292 4066 Et
310 4013 332 4066 si
351 4023 438 4066 custos
456 4011 585 4065 dimiserit
603 4010 720 4081 aliquem
738 4009 855 4080 effugere
873 4027 888 4064 a
906 4012 978 4065 dicto
998 4012 1109 4066 Carcete
1127 4023 1247 4064 teneatur
1270 4011 1379 4064 comuni
1399 4023 1425 4064 et

259 4103 405 4170 dampnum
424 4117 500 4170 passo
518 4099 654 4158 restituere
672 4115 754 4152 omne
772 4099 919 4170 dampnum
938 4112 964 4153 et
983 4099 1108 4153 interesse
1126 4101 1199 4154 iuxta
1222 4099 1359 4152 arbitrium
1379 4117 1424 4169 po-

259 4189 358 4242 testatis
377 4188 492 4258 Clauan'j
513 4199 539 4241 et
560 4186 684 4240 consulis.

286 4327 313 4382 (ι)
328 4326 358 4380 (ι)
374 4327 440 4368 Verba
453 4329 502 4369 haec
517 4327 577 4369 ducta
591 4327 675 4378 lineola,
690 4327 756 4370 deleta
771 4328 826 4369 fuere
840 4338 860 4368 et
875 4329 929 4368 iuxta
944 4328 1040 4382 scripturn
1055 4336 1100 4368 est:
1118 4325 1185 4369 Vacat.

312 4433 394 4476 Sasu.
410 4456 433 4465 -
451 4445 469 4475 r.
