3918 5554
819 549 853 604 D.
873 549 1050 607 STATUTA
1068 551 1277 609 TEXTORUM
1295 553 1343 610 DE
1362 553 1541 610 BUGELLA.

652 741 683 796 In
710 744 822 798 nomine
849 745 961 800 Domini
989 748 1071 801 nostri
1097 761 1124 802 et
1141 760 1231 804 sancte
1249 749 1387 803 Trinitatis
1406 751 1503 803 Amen.
1531 747 1670 804 Currente
1698 745 1778 800 Mille

608 830 679 886 simo
698 833 818 887 cccx0.
836 833 986 887 lndictione
1004 847 1107 900 octaua,
1125 837 1169 891 die
1186 837 1281 892 vltimo
1300 837 1399 891 mensis
1413 835 1541 908 Januarij.

644 1009 700 1062 Hec
718 1022 780 1062 sunt
798 1023 893 1064 statum
911 1023 937 1064 et
955 1012 1140 1065 ordinamenta
1167 1012 1234 1065 sacta
1264 1030 1310 1082 per
1336 1013 1490 1083 Collegium
1522 1011 1644 1066 Tenaric
1672 1011 1780 1083 Bugelle

609 1097 651 1150 Ad
670 1099 802 1152 honorem
821 1098 951 1152 Altissimi
970 1101 1012 1152 dei
1031 1111 1057 1152 et
1075 1101 1209 1169 genitricis
1229 1101 1312 1154 Marie
1331 1101 1440 1170 virginis
1453 1118 1483 1154 ac
1494 1101 1645 1154 beatissimi
1654 1099 1780 1172 Stephani

609 1187 800 1255 protomartiris
819 1199 845 1240 et
863 1187 966 1241 domini
985 1188 1108 1257 Episcopi
1126 1188 1291 1242 vercellensis
1309 1201 1335 1242 et
1353 1189 1485 1243 Comunis
1503 1188 1628 1260 Bngelle.

648 1379 670 1416 1.
689 1364 732 1432 (ι)
751 1362 888 1433 Imprimis
905 1375 1052 1417 statuerunt
1061 1377 1087 1417 et
1096 1365 1294 1419 ordinauerunt
1313 1366 1396 1429 Quod
1414 1365 1547 1420 Consules
1566 1381 1664 1421 eorum
1678 1365 1781 1436 paratici

609 1452 667 1504 siue
686 1452 799 1521 Collegij
820 1452 963 1504 texitomm
975 1463 1114 1506 teneantur
1126 1465 1151 1504 et
1163 1454 1276 1506 debeant
1294 1453 1376 1507 leuari
1394 1471 1476 1508 omne
1494 1471 1570 1508 anno
1583 1467 1649 1508 ante
1663 1465 1780 1507 sanctum

611 1539 755 1593 martinum
774 1553 825 1592 tres
844 1540 974 1592 Consules
992 1555 1086 1593 eorum
1105 1541 1211 1610 paratici
1229 1542 1286 1594 siue
1304 1541 1418 1612 Collegi]
1439 1559 1485 1612 per
1507 1541 1667 1596 Consilium
1686 1541 1779 1594 Trium

610 1627 653 1680 uel
672 1639 785 1696 quatuor
802 1629 836 1681 de
854 1628 1008 1680 melioribus
1026 1645 1119 1681 eorum
1138 1630 1252 1697 pamtici.
1280 1630 1313 1682 Et
1340 1630 1448 1700 predicti
1476 1629 1614 1684 Consules
1643 1641 1781 1682 teneantur

611 1717 697 1786 jurare
714 1732 792 1785 super
809 1717 919 1768 statutis.
948 1716 980 1768 Et
998 1715 1043 1786 qui
1062 1716 1243 1770 contrafecerit
1261 1717 1347 1771 soluat
1365 1718 1465 1771 solidos
1483 1718 1516 1771 V.
1545 1717 1719 1789 papiensium
1737 1729 1781 1786 pro

610 1803 727 1874 qualibet
745 1803 788 1857 die
806 1821 858 1875 qua
876 1805 975 1857 steterit
993 1817 1019 1857 et
1037 1817 1127 1874 postea
1146 1807 1222 1874 juret.

647 1999 671 2038 2.
690 1984 758 2037 Item
776 1995 904 2037 statutum
923 1995 961 2037 est
980 1984 1062 2046 Quod
1083 1983 1213 2036 Consules
1232 2001 1325 2036 eorum
1345 1985 1449 2053 piratici
1468 1996 1614 2039 teneantur
1628 2001 1675 2054 per
1693 1997 1782 2036 eorum

610 2085 805 2126 sacramentum
833 2071 916 2125 lacere
947 2074 1026 2142 jurari
1054 2089 1148 2125 omnes
1177 2073 1335 2126 laboratores
1359 2074 1392 2126 de
1411 2073 1500 2126 officio
1519 2073 1640 2126 Testarie
1658 2085 1685 2126 ct
1703 2071 1781 2124 fauere

611 2161 712 2232 operari
732 2178 825 2214 eorum
844 2160 963 2214 officium
982 2163 1051 2213 bona
1070 2161 1122 2213 fide
1140 2162 1198 2213 sine
1216 2161 1306 2214 fraude
1324 2162 1356 2214 Et
1376 2162 1483 2214 reddere
1501 2173 1527 2214 et
1544 2162 1712 2232 consignare
1727 2175 1780 2211 ons

613 2251 691 2303 nibus
710 2249 828 2319 personis
846 2265 921 2302 suam
941 2261 1038 2301 rectam
1057 2260 1083 2300 et
1102 2248 1217 2300 debitam
1236 2250 1367 2301 rationem
1386 2249 1469 2302 silicet
1487 2250 1521 2302 de
1538 2249 1604 2314 tela,
1618 2265 1718 2320 panno,
1730 2245 1780 2306 iilo,

611 2349 707 2400 stamo,
726 2349 818 2399 trama,
837 2349 863 2389 et
881 2336 914 2388 de
932 2337 1058 2388 omnibus
1079 2337 1138 2406 alijs
1156 2337 1233 2388 rebus
1251 2354 1302 2406 que
1320 2338 1348 2388 in
1368 2353 1461 2389 eorum
1475 2337 1602 2390 manibus
1617 2335 1782 2408 peruenirent

612 2425 755 2478 occaxione
773 2423 853 2492 officij
874 2425 980 2476 tesarie.
992 2425 1025 2476 Et
1044 2424 1095 2476 hoc
1114 2423 1197 2476 lacere
1211 2436 1350 2477 teneantur
1362 2425 1469 2494 predicti
1484 2425 1620 2479 Consules
1639 2424 1708 2497 jnfnt
1726 2420 1780 2474 XV.

612 2513 668 2567 dies
688 2524 747 2584 post
765 2512 861 2565 festum
880 2512 951 2581 quod
970 2523 1047 2564 erunt
1066 2511 1145 2564 leuati
1164 2511 1220 2564 siue
1239 2511 1318 2564 eletti.

651 2706 673 2759 3.
693 2688 760 2742 Item
779 2699 906 2741 statutum
926 2687 1054 2758 estquod
1073 2687 1181 2758 predicti
1210 2687 1340 2742 Consules
1359 2689 1473 2742 habeant
1499 2701 1527 2742 et
1552 2690 1655 2745 habere
1673 2691 1782 2744 debeant

615 2796 663 2849 pro
681 2777 800 2848 quolibet
819 2776 966 2830 laboratore
984 2777 1029 2846 qui
1057 2775 1183 2845 iurauerit
1210 2776 1367 2841 saluitatem‚
1385 2777 1407 2830 si
1426 2795 1480 2830 non
1500 2791 1567 2831 esset
1587 2779 1718 2850 magister
1734 2777 1780 2828 de-

614 2867 702 2920 narios
721 2866 766 2919 Vl.
786 2882 833 2936 pro
852 2881 944 2918 eorum
964 2865 1046 2933 briga.

649 3063 673 3112 4.
694 3047 761 3100 Item
781 3057 910 3099 statutum
929 3057 967 3097 est
987 3045 1068 3107 Quod
1088 3045 1109 3096 si
1129 3044 1223 3114 aliquis
1240 3045 1298 3112 ult
1317 3046 1407 3098 uenire
1426 3046 1459 3098 ad
1483 3049 1651 3115 operandum
1681 3059 1707 3100 et
1734 3043 1783 3096 adi·

613 3137 741 3190 scendum
761 3133 880 3189 officium
899 3133 1011 3186 Texnie
1030 3145 1150 3186 tenemur
1167 3147 1193 3185 et
1212 3134 1304 3186 debeat
1323 3135 1384 3186 dare
1402 3134 1430 3186 in
1449 3135 1536 3204 primo
1554 3152 1630 3190 anno
1661 3132 1784 3202 Collegio

613 3225 710 3278 texarie
729 3225 761 3277 ad
780 3223 962 3294 operationem
982 3233 1008 3274 et
1026 3223 1153 3290 juuamen
1173 3221 1311 3292 Consorctj
1335 3239 1429 3275 eorum
1448 3223 1555 3287 solidos,
1576 3225 1663 3278 XXX.
1683 3223 1784 3294 papien-

613 3314 682 3364 sium
701 3325 727 3364 et
746 3311 894 3381 imperiales
921 3308 979 3362 XII.
1009 3325 1056 3378 pro
1087 3309 1206 3378 quolibet
1234 3310 1352 3362 Consule
1381 3328 1473 3362 eorum
1496 3311 1601 3380 paratici
1624 3329 1674 3382 pro
1692 3323 1784 3363 eorum

613 3400 694 3470 briga
713 3401 746 3454 Et
764 3415 819 3454 non
839 3398 911 3470 quod
928 3397 1048 3467 magistri
1060 3413 1153 3452 eorum
1166 3397 1267 3468 possint
1278 3398 1416 3452 conueniri
1428 3400 1460 3451 ad
1473 3398 1636 3455 soluendum
1655 3398 1785 3471 predictos

612 3488 743 3542 denarios.

651 3679 673 3732 5.
692 3664 760 3716 ltem
777 3673 905 3716 statumm
924 3673 963 3714 est
980 3661 1053 3731 quod
1070 3660 1181 3732 quilibet
1199 3660 1295 3714 Testor
1317 3661 1399 3731 possit
1417 3662 1535 3715 laborare
1552 3661 1662 3716 cuilibet
1673 3673 1784 3732 persone

613 3769 660 3824 pro
679 3751 727 3804 illo
745 3751 833 3821 precio
851 3750 923 3820 quod
943 3765 1005 3802 cum
1023 3748 1060 3801 eis
1079 3747 1176 3802 luerint
1194 3748 1222 3801 in
1241 3750 1383 3803 concordia
1401 3750 1447 3820 qui
1466 3748 1600 3803 uoluen'nt
1617 3749 1705 3803 lacere
1724 3760 1784 3819 pan·

614 3858 681 3895 num
700 3840 758 3894 siue
775 3839 857 3893 telam
875 3836 933 3891 Nisi
951 3836 1029 3891 fuerit
1047 3836 1151 3890 rebellis
1170 3837 1233 3890 dicti
1246 3837 1371 3909 Collegij.

648 4001 673 4054 6.
691 4001 760 4054 ltem
777 4010 905 4052 statutum
925 4009 963 4049 est
982 3996 1054 4068 quod
1072 3995 1183 4066 quilibet
1195 4009 1281 4050 textor
1295 3997 1388 4051 debeat
1400 4011 1427 4051 et
1439 4009 1559 4051 teneatur
1572 3997 1643 4068 prius
1663 3997 1783 4052 laborare

615 4089 772 4144 hominibus
791 4085 992 4158 bugellensibus
1010 4101 1090 4156 quam
1109 4083 1265 4138 forensibus.

664 4264 698 4316 (ι)
711 4261 853 4317 capitulorum
867 4261 945 4302 numeri
960 4259 1100 4300 desiderantur
1113 4260 1134 4300 in
1148 4259 1227 4308 codice,
1242 4272 1280 4301 uos
1295 4261 1409 4312 adicijrnus.
