3926 5542
499 518 550 570 14⁰

492 626 644 681 familiiares
661 639 761 681 vestros
778 628 828 682 sub
846 644 912 697 pena
931 639 957 680 et
975 627 1050 698 penis
1068 629 1101 681 de
1118 628 1215 698 quibus
1232 645 1310 699 supra
1329 627 1390 698 Ipso
1407 629 1465 698 jure
1482 640 1510 680 et
1527 625 1597 680 iacto
1614 643 1661 698 per

492 731 539 768 vos
557 727 585 769 et
601 727 718 769 vestrum
736 715 882 786 quemlibet
900 733 961 770 casu
979 717 1112 770 contrario
1130 717 1288 770 incurrentia
1305 733 1387 787 quarn
1405 733 1502 786 penam
1520 716 1603 769 etiam
1620 717 1660 768 in-

491 816 597 858 currant
614 803 765 857 familiiares
783 804 1013 858 contrauenientes
1031 805 1160 875 premisso
1187 804 1292 859 Statuto
1310 816 1337 858 et
1354 805 1487 858 contentis
1504 805 1534 857 in
1553 805 1659 858 eodem

527 941 569 994 74.
588 926 656 979 Item
674 943 722 980 vos
740 927 850 980 domine
868 939 982 997 potestas
996 927 1120 982 Iurabitis
1131 927 1165 980 ad
1177 941 1266 981 sancta
1279 928 1331 998 dey
1344 927 1490 998 Euangelia
1504 925 1587 990 Quod
1603 943 1658 979 non

491 1014 627 1068 mutabitis
645 1014 773 1068 vicarium
799 1027 916 1068 vestnrm
944 1014 1068 1068 Millitem
1094 1017 1144 1068 bec
1170 1014 1322 1068 familiiares
1340 1015 1452 1069 durante
1469 1013 1555 1068 offitio
1573 1025 1660 1067 vestro

491 1102 541 1154 nisi
560 1119 592 1154 ex
610 1101 714 1173 urgenti
732 1115 758 1156 et
776 1102 941 1156 Rationabili
960 1119 1036 1156 causa
1046 1103 1080 1156 Et
1097 1119 1159 1157 casu
1177 1119 1232 1174 quo
1243 1103 1410 1174 contingeret
1425 1101 1562 1172 legiptima
1579 1101 1661 1155 subsi-

490 1203 574 1243 stente
592 1205 670 1244 musa
686 1189 803 1262 aliquem
821 1207 867 1244 seu
885 1189 989 1262 aliquos
1007 1208 1040 1244 ex
1057 1191 1120 1260 ipsis
1138 1203 1241 1245 mutare
1259 1191 1341 1257 Quod
1360 1191 1457 1243 dictam
1477 1189 1659 1244 mutacionem

490 1278 709 1332 substitutionem
727 1295 774 1332 seu
793 1277 884 1332 locum
901 1279 1048 1333 tenentiam
1067 1277 1167 1334 iacietis
1185 1291 1211 1332 et
1229 1279 1374 1333 admittetis
1404 1295 1467 1331 curn
1486 1277 1615 1331 conscilio
1633 1291 1660 1331 et

490 1383 620 1420 consensu
640 1367 813 1421 dominorum
839 1366 945 1437 clauarij
975 1379 1002 1420 et
1020 1367 1161 1421 consulum
1190 1379 1217 1420 et
1234 1366 1381 1422 Credencie
1408 1367 1531 1421 comunis
1550 1365 1660 1436 Bugella

490 1455 597 1518 Quibus
615 1455 857 1509 locumtenentibus
875 1456 1064 1510 substituendis
1081 1469 1110 1509 vt
1127 1457 1288 1526 premittitur
1304 1469 1332 1510 et
1349 1456 1484 1510 mutandis
1502 1471 1558 1508 non
1577 1455 1660 1525 possit

490 1543 594 1597 defferri
613 1545 794 1613 juramentum
813 1559 859 1612 per
876 1559 924 1597 vos
941 1556 968 1597 et
985 1545 1114 1598 vicarium
1132 1557 1257 1598 vestrum.
1276 1545 1333 1598 Nec
1360 1543 1506 1597 clauarium
1533 1555 1560 1596 et
1579 1542 1657 1596 Con-

489 1631 559 1684 sules
577 1631 628 1684 nisi
646 1632 679 1684 de
698 1630 863 1700 beneplacito
880 1643 907 1684 et
924 1647 1055 1685 consensu
1084 1632 1230 1686 Credencie
1257 1633 1319 1685 dicti
1347 1631 1400 1686 loci
1428 1631 1538 1702 Bugella
1556 1630 1587 1685 ln
1606 1647 1658 1701 qua

490 1718 541 1772 tale
559 1721 740 1790 juramentum
757 1731 785 1772 et
802 1719 858 1790 ipsa
876 1719 1002 1773 admissio
1021 1718 1124 1774 defferri
1152 1733 1179 1774 et
1206 1719 1311 1774 admitti
1330 1721 1443 1774 debeant
1461 1731 1487 1772 et
1505 1734 1561 1772 non
1580 1718 1657 1771 aliter

491 1823 540 1860 nec
558 1806 613 1860 alio
631 1807 722 1862 modo.

526 1965 568 2019 75.
587 1949 654 2003 Item
672 1966 720 2003 vos
738 1950 849 2004 domine
866 1951 962 2004 vicarie
980 1950 1100 2021 jurabitis
1118 1949 1179 2004 ioco
1196 1962 1223 2004 et
1235 1962 1356 2020 tempore
1368 1951 1464 2020 quibus
1476 1950 1504 2003 in
1518 1949 1658 2020 preceden-

491 2039 561 2090 tibus
579 2039 682 2092 statutis
700 2039 859 2103 continetur,
877 2040 911 2092 Et
929 2041 978 2092 sub
996 2039 1071 2108 penis
1088 2040 1122 2092 de
1140 2039 1236 2110 quibus
1254 2039 1282 2092 in
1300 2039 1365 2108 jpsis
1383 2051 1531 2109 presentare
1549 2049 1575 2090 et
1594 2053 1657 2107 pre-

491 2129 586 2194 sentarj
607 2125 690 2178 iacere
708 2128 796 2179 modis
814 2139 840 2179 et
859 2125 950 2179 fonnis
969 2128 1064 2197 quibus
1082 2143 1159 2197 supra
1178 2129 1206 2179 in
1225 2126 1302 2196 piena
1316 2126 1462 2181 Credeucia
1474 2125 1580 2180 Celatas
1591 2125 1657 2178 duas

491 2230 537 2264 seu
556 2227 666 2266 secretas
685 2215 767 2266 bonas
795 2226 820 2266 et
847 2213 1007 2267 sufficientes
1034 2216 1194 2268 dimitendas
1212 2228 1239 2268 et
1257 2215 1414 2268 traddendas
1440 2215 1517 2268 dictis
1541 2212 1658 2267 dominis

492 2301 617 2354 Clanario
629 2314 655 2354 et
668 2303 820 2354 consulibus
832 2302 955 2355 comunis
968 2303 1078 2372 Bugelle
1089 2304 1123 2355 ad
1137 2320 1213 2356 usum
1226 2303 1296 2356 dicte
1307 2304 1478 2356 comunitatis
1492 2319 1537 2372 per
1549 2303 1658 2354 eosdem

491 2391 676 2460 gubernandas
694 2392 722 2442 in
741 2407 845 2443 camera
863 2392 986 2469 comunis
1004 2392 1032 2444 in
1050 2407 1103 2461 qua
1121 2404 1183 2444 sunt
1201 2391 1252 2445 alia
1270 2409 1344 2445 arma
1362 2392 1432 2444 dicte
1450 2391 1629 2444 comunitatis

527 2529 569 2598 76.
589 2529 656 2584 Item
674 2547 721 2584 vos
739 2531 849 2584 domine
867 2530 949 2584 Milex
966 2547 1013 2584 seu
1033 2530 1188 2585 Coleteralis
1206 2533 1325 2602 jurabitis
1342 2531 1424 2594 Quod
1436 2531 1465 2584 in
1478 2531 1614 2584 credentia
1627 2529 1661 2584 de

492 2635 545 2688 qua
562 2619 591 2672 in
610 2619 808 2688 precedentibus
826 2619 936 2672 Statutis
954 2619 984 2672 fit
1002 2620 1109 2672 mencio
1126 2633 1153 2672 et
1171 2621 1259 2673 modis
1277 2633 1303 2674 et
1321 2619 1414 2673 formis
1431 2619 1527 2690 quibus
1549 2619 1578 2672 in
1597 2618 1660 2688 ipsis

491 2707 592 2760 dictum
610 2706 660 2760 suit
677 2719 704 2760 et
721 2707 770 2760 sub
794 2708 869 2776 penis
895 2708 923 2760 in
942 2708 1004 2778 ipsis
1022 2709 1154 2760 contentis
1182 2708 1266 2772 Quod
1284 2708 1465 2777 presentabitis
1483 2723 1529 2760 seu
1547 2706 1660 2760 nomine

491 2809 577 2849 vestro
596 2798 736 2866 presentarj
756 2794 856 2848 iacietis
883 2795 948 2848 duas
976 2794 1077 2865 pulcras
1106 2795 1230 2849 Runthas
1260 2797 1348 2849 Bonas
1375 2808 1402 2849 et
1420 2795 1579 2849 sufficientes
1597 2811 1659 2848 cum

491 2900 585 2938 eorum
604 2883 711 2936 manico
730 2895 756 2936 et
775 2885 842 2936 bene
860 2884 976 2936 munitas
994 2884 1094 2937 dandas
1114 2896 1141 2937 et
1159 2884 1342 2937 Remittendas
1359 2884 1387 2936 in
1415 2884 1539 2936 manibus
1566 2884 1659 2937 domi·

492 2989 590 3026 norum
608 2970 713 3040 clauarij
734 2984 760 3024 et
778 2972 920 3025 consulum
938 2972 1001 3024 dicti
1020 2972 1072 3025 ioci
1090 2971 1200 3042 Bugella
1212 2973 1245 3026 ad
1258 2989 1335 3026 vsum
1347 2972 1417 3026 dicte
1431 2972 1602 3026 aemunitatis
1614 2989 1660 3041 per

492 3061 563 3130 ipsos
581 3060 766 3113 custodiendas
785 3060 812 3112 in
831 3077 935 3113 camera
953 3060 1076 3114 comunis
1094 3061 1158 3114 dicti
1176 3060 1229 3114 loci
1247 3062 1276 3132 jn
1295 3077 1347 3132 qua
1365 3073 1427 3114 sunt
1454 3060 1505 3114 aiia
1534 3077 1608 3113 amia
1626 3060 1659 3113 ad

492 3166 569 3202 usum
587 3149 657 3202 dicte
674 3149 845 3203 comunitatis
863 3150 994 3218 deputata

530 3305 572 3359 77.
591 3291 659 3343 Item
678 3307 725 3343 vos
744 3290 871 3360 Barruerij
892 3306 938 3342 seu
957 3288 1108 3342 familiiares
1123 3288 1246 3358 jurabitis
1266 3289 1348 3353 Quod
1361 3290 1421 3342 loco
1433 3301 1460 3342 et
1471 3302 1591 3359 tempore
1603 3305 1660 3342 mo-

492 3380 586 3449 disque
604 3391 630 3432 et
648 3377 740 3431 formis
758 3379 853 3448 quibus
871 3377 899 3430 in
918 3377 1117 3448 precedentibus
1135 3377 1246 3431 Statutis
1263 3377 1293 3432 fit
1311 3379 1413 3432 mentio
1432 3391 1458 3432 et
1475 3379 1524 3431 sub
1537 3377 1612 3447 penis
1630 3377 1659 3430 in

492 3469 556 3538 jpsis
574 3466 706 3520 contentis
724 3465 807 3528 Quod
826 3465 1007 3534 presentabitis
1025 3465 1150 3518 traddetis
1168 3477 1194 3518 et
1212 3466 1355 3536 expedietis
1374 3483 1404 3519 ac
1423 3465 1504 3519 libere
1532 3465 1657 3520 Reilarra·

494 3555 554 3608 bitis
572 3571 654 3608 unam
673 3553 844 3606 Tarchettam
863 3552 1013 3622 depinctam
1032 3567 1094 3604 cum
1112 3553 1193 3606 armis
1211 3553 1365 3623 Spectabilis
1392 3553 1496 3606 domini
1524 3553 1659 3622 potestatis

496 3644 553 3696 siue
571 3639 742 3696 comunitatis
761 3639 871 3710 Bugella
897 3640 931 3693 Et
957 3651 1128 3710 partemnam
1151 3657 1232 3694 vnam
1251 3657 1299 3711 pro
1316 3639 1435 3712 quolibet
1453 3641 1487 3694 Et
1505 3640 1586 3696 Illam
1604 3653 1659 3694 met

492 3749 573 3802 quam
591 3747 639 3784 vos
657 3741 683 3784 et
700 3741 817 3783 vestrum
836 3728 982 3799 quemlibet
1000 3741 1104 3798 portate
1120 3729 1259 3800 continget
1271 3741 1391 3800 ternpore
1403 3728 1483 3799 officij
1496 3729 1583 3782 vestri.
1597 3729 1659 3791 Que

492 3819 602 3890 quidem
619 3835 692 3872 arma
711 3817 805 3871 dabitis
823 3829 850 3870 et
869 3815 1018 3870 Remittetis
1036 3817 1065 3869 in
1083 3817 1206 3870 manibus
1224 3817 1356 3870 dictorum
1374 3817 1480 3886 clauarij
1501 3829 1528 3870 et
1557 3833 1658 3870 consu-

492 3905 550 3959 lum
567 3907 691 3960 comunis
710 3904 819 3976 Bugelle
837 3921 884 3975 per
901 3904 972 3974 ipsos
997 3905 1169 3958 custodienda
1196 3906 1229 3958 ad
1247 3921 1324 3958 vsum
1351 3906 1422 3959 dicte
1440 3905 1611 3959 comunitatis
1629 3903 1659 3956 in

492 4009 595 4048 camera
613 3994 735 4047 comunis
753 3993 805 4046 loci
824 3993 932 4062 predicti
951 3992 1061 4062 Rugelle
1079 3992 1107 4044 in
1125 4009 1178 4062 qua
1196 4005 1257 4046 sunt
1275 3993 1326 4046 alia
1344 4009 1417 4046 arma
1435 3992 1468 4046 ad
1495 4009 1572 4046 vsum
1589 3991 1660 4045 dicte

493 4082 663 4135 comunitatis
681 4083 812 4151 deputata.

528 4222 570 4290 78.
589 4223 657 4276 Item
675 4239 723 4276 vos
740 4221 850 4276 domine
869 4220 950 4274 Milex
962 4233 988 4274 et
1001 4222 1128 4292 Barruerij
1144 4234 1171 4275 et
1183 4221 1323 4275 semitores
1334 4239 1381 4274 seu
1394 4221 1523 4292 manderij
1541 4234 1568 4275 et
1580 4221 1659 4276 ceteri

493 4312 527 4364 de
546 4309 656 4363 familiia
673 4309 777 4364 domini
796 4310 932 4380 potestatis
948 4310 1068 4380 jurabitis
1086 4311 1119 4362 ad
1138 4323 1227 4364 sancta
1245 4311 1296 4381 dey
1316 4309 1461 4380 Euangelia
1479 4310 1554 4364 tactis
1566 4327 1659 4382 corpo-
