4040 5540
571 539 604 595 3²

567 650 730 706 nemoribus.
750 649 793 704 uel
811 649 925 705 sortibus
943 650 1012 704 ultra
1030 649 1150 705 ualorem
1168 649 1224 704 Sol.
1242 649 1302 704 XX.
1329 665 1372 720 pp.
1391 665 1439 720 pro
1465 665 1545 702 anna
1564 661 1590 703 et
1608 648 1738 704 nmdrent

568 739 631 794 dare
648 751 751 793 rectum
766 739 902 811 Jndicium
920 740 979 810 quis
996 740 1098 794 dictum
1116 739 1264 810 dampnum
1282 737 1391 792 fecisset
1419 738 1493 808 quod
1519 737 1581 792 dicti
1599 736 1735 807 Forestarij

569 827 717 898 dampnum
737 828 884 899 predictum
902 828 1008 900 Integre
1025 839 1165 882 teneantur
1182 827 1293 880 comuni
1311 839 1338 880 et
1365 826 1521 907 hominibus
1538 827 1686 880 emmdare
1704 825 1738 879 Et

567 915 639 988 quod
658 915 721 969 dicti
740 915 878 988 Forestarij
899 932 955 970 non
974 916 1087 970 debeant
1113 931 1210 970 nemus
1237 915 1346 986 aliquod
1365 915 1398 968 de
1416 915 1492 967 dictis
1520 913 1674 968 nemoribus
1691 911 1735 966 uel

567 1005 689 1058 sortibus.
708 1021 758 1058 nec
776 1003 891 1058 aliunde.
910 1020 959 1058 nec
978 1005 1063 1057 eciam
1081 1003 1115 1058 de
1133 1015 1205 1056 extra
1224 1003 1358 1074 bugellam
1376 1002 1494 1056 Incidere
1512 1017 1561 1054 nec
1573 1013 1684 1072 portare.
1697 1001 1738 1054 In·

567 1091 619 1146 cidi
639 1091 683 1146 uel
701 1093 798 1162 portati
818 1091 910 1146 lacere.
930 1109 978 1146 nec
997 1092 1147 1145 consendre
1164 1092 1237 1162 quod
1256 1091 1350 1162 aliquis
1369 1101 1454 1162 portet
1473 1090 1516 1144 uel
1535 1091 1633 1160 portari
1651 1089 1736 1144 faciat.

567 1180 645 1234 ducat
663 1180 707 1234 uel
725 1181 786 1235 duci
813 1179 891 1233 faciat
919 1180 968 1234 sub
986 1195 1055 1251 pena
1079 1180 1245 1232 sacramenti.
1263 1191 1290 1233 et
1308 1179 1376 1234 ultra
1394 1179 1481 1234 soluat
1498 1194 1546 1249 pro
1576 1177 1694 1250 quolibet
1712 1189 1739 1232 et

568 1267 685 1340 qualibet
703 1270 763 1323 uice
780 1268 828 1324 sol.
849 1267 904 1324 LX.
924 1286 966 1340 pp.
985 1269 1019 1322 Et
1037 1268 1109 1338 quod
1128 1267 1239 1338 quilibet
1257 1283 1303 1322 eos
1330 1283 1451 1322 accusare
1478 1267 1560 1337 possit
1577 1279 1632 1320 tam
1650 1265 1737 1337 palam

568 1372 649 1427 quam
667 1357 801 1427 priuatim.
821 1357 854 1410 Et
872 1357 994 1412 consules
1013 1368 1152 1411 teneantur
1169 1357 1310 1428 inquirere
1329 1356 1363 1409 Et
1381 1356 1414 1410 de
1427 1355 1548 1428 predictis
1560 1355 1685 1410 omnibus
1703 1366 1739 1408 at-

567 1443 703 1498 tendendo
722 1445 785 1498 dicti
804 1443 942 1516 Forestarij
962 1455 1102 1498 teneantur
1120 1445 1220 1498 bonam
1238 1455 1265 1497 et
1282 1443 1416 1515 ydoneam
1434 1455 1548 1515 prestare
1579 1443 1737 1514 captionem.

606 1597 665 1652 173.
683 1583 752 1636 Item
770 1593 898 1637 statutum
917 1594 963 1636 est.
984 1583 1056 1655 quod
1075 1584 1213 1656 Foresmdj
1233 1595 1373 1638 teneanun
1389 1599 1436 1654 per
1453 1599 1546 1638 eorum
1559 1584 1738 1637 iuramentum

569 1671 646 1724 omni
665 1671 708 1724 die
726 1670 765 1724 ire
782 1671 816 1725 acl
834 1671 982 1726 custodiam
1001 1687 1152 1726 nemomm.
1171 1684 1199 1726 et
1227 1685 1366 1727 somnam.
1385 1671 1508 1726 uidelicet
1536 1687 1605 1724 unus
1622 1687 1738 1726 uerssuss

571 1759 712 1830 tolegnum
731 1761 865 1830 usquead
884 1759 976 1814 sellam
996 1761 1107 1815 roncini.
1127 1773 1153 1814 et
1171 1761 1237 1814 alter
1254 1777 1356 1814 rerssus
1374 1758 1519 1830 poleonum
1544 1775 1627 1830 usque
1645 1759 1678 1814 ad
1696 1759 1737 1813 fn·

567 1848 679 1902 varium.
699 1859 726 1902 et
744 1849 772 1902 in
791 1847 851 1902 aliis
869 1849 996 1902 omnibus
1014 1848 1080 1904 locis
1097 1851 1126 1903 in
1145 1849 1241 1920 quibus
1258 1849 1416 1902 crediderint
1433 1865 1491 1902 esse
1519 1848 1694 1902 necessarium
1713 1861 1739 1902 et

569 1936 636 1990 utile
654 1937 687 1990 ad
706 1937 854 1991 custodiam
867 1937 999 1992 dictorum
1014 1954 1157 1992 nemorum
1170 1948 1197 1991 et
1209 1949 1348 1992 sonarum.
1361 1937 1403 2008 (1)
1416 1951 1442 1992 et
1454 1938 1527 2008 quod
1539 1937 1602 1990 dicti
1611 1935 1736 2008 mrsurij

568 2041 625 2078 non
645 2025 759 2078 debeant
777 2025 875 2079 intrare
893 2025 1008 2096 placium
1026 2026 1142 2098 bugelle.
1161 2027 1272 2080 abortu
1290 2025 1353 2080 solis
1371 2042 1454 2098 usque
1472 2027 1504 2080 ad
1523 2041 1639 2080 ocasum.
1652 2024 1739 2098 aliqua

571 2113 614 2167 die
633 2113 770 2166 dominico
789 2129 838 2166 nec
857 2113 908 2167 die.
924 2114 1006 2184 Jouis
1025 2127 1052 2168 et
1070 2115 1115 2186 qui
1128 2127 1220 2169 canna
1234 2115 1324 2168 fecerit
1335 2114 1421 2170 soluat
1434 2116 1552 2168 bannum
1564 2131 1612 2185 pro
1621 2113 1739 2186 quolibet

570 2212 596 2254 et
609 2199 726 2271 qualibet
735 2200 778 2253 die
788 2199 835 2254 sol.
846 2199 879 2254 X.
893 2217 935 2275 pp.
946 2215 972 2254 et
981 2202 1054 2272 quod
1064 2203 1140 2255 dictis
1149 2203 1253 2258 duobus
1271 2203 1363 2257 diebus
1381 2215 1520 2257 teneantur
1527 2213 1595 2256 stare
1604 2203 1637 2256 ad
1646 2213 1736 2256 custo-

569 2288 642 2341 diam
655 2303 799 2342 nemorum
811 2289 946 2342 continue.
959 2300 986 2342 et
997 2301 1138 2343 teneantur
1151 2307 1250 2360 ponere
1268 2292 1415 2346 custodiam
1433 2291 1564 2362 priuatam
1577 2290 1622 2360 qui
1634 2301 1737 2343 accuset

568 2375 718 2430 forestarios
728 2376 880 2447 recipiendo
893 2377 1047 2446 peccuniam
1066 2377 1109 2431 uel
1123 2379 1194 2434 aliud
1207 2380 1390 2434 educentibus
1402 2379 1445 2434 uel
1458 2378 1622 2449 ponentibus
1634 2395 1736 2432 nemus.

607 2531 664 2586 174.
683 2517 726 2587 (a)
736 2517 804 2571 Item
814 2529 942 2572 statutum
952 2520 1072 2590 estquod
1083 2520 1205 2574 consules
1217 2533 1356 2574 teneantur
1374 2521 1450 2575 omni
1462 2537 1534 2576 anno
1545 2535 1645 2591 ponem
1654 2537 1737 2574 vnum

568 2605 706 2660 custodem
726 2605 859 2678 priuatum
878 2622 956 2677 super
975 2608 1122 2661 custodiam
1141 2625 1291 2662 nemorum.
1311 2609 1356 2680 qui
1368 2611 1438 2680 juret
1447 2609 1578 2663 custodire
1589 2624 1700 2662 nemora
1711 2621 1738 2662 et

568 2711 689 2748 accusare
707 2694 796 2748 banna
814 2711 866 2766 que
885 2707 1040 2766 ruperentur
1057 2695 1086 2749 in
1105 2697 1258 2752 nemoribus
1276 2697 1320 2750 uel
1332 2697 1403 2752 alibi.
1414 2698 1460 2750 ubi
1469 2713 1500 2750 ea
1512 2696 1636 2766 reperiret
1655 2695 1735 2749 fracta

567 2783 714 2836 secundum
735 2781 849 2836 sormam
867 2782 982 2836 aliorum
1000 2795 1158 2837 statutorum
1177 2797 1203 2838 et
1221 2797 1360 2839 teneantur
1378 2785 1499 2840 consules
1517 2785 1593 2838 omni
1605 2800 1676 2838 anno
1695 2783 1736 2836 fa-

567 2887 625 2924 cere
644 2870 770 2924 recercari
789 2871 881 2924 omnia
902 2887 1012 2924 nemora
1031 2887 1077 2941 per
1094 2872 1162 2926 duos
1181 2873 1266 2926 bonos
1284 2873 1408 2928 homines
1427 2889 1528 2944 pereos
1540 2873 1645 2928 electos.
1655 2873 1737 2926 tribus

568 2957 670 3012 uicibus
690 2957 718 3011 in
738 2974 810 3012 anno
828 2972 907 3029 prout
925 2958 1001 3012 dictis
1019 2959 1173 3013 consulibus
1191 2961 1324 3014 uidebitur
1341 2963 1471 3034 expedire.

737 3150 787 3204 DE
806 3149 922 3205 LUDIS.
942 3149 1154 3206 LUSORIBUS.
1173 3151 1221 3206 ET
1240 3153 1415 3210 BALNITlS.
1435 3185 1467 3195 -
1487 3154 1519 3209 R.
1536 3155 1570 3210 X

607 3341 663 3396 175.
686 3325 820 3380 Statutum
839 3336 865 3379 et
883 3326 1037 3380 ordinatum
1055 3339 1095 3380 est
1113 3329 1185 3398 quod
1203 3331 1249 3402 qui
1268 3330 1371 3385 lusserit
1383 3332 1416 3386 ad
1429 3331 1545 3402 aliquem
1558 3331 1652 3386 ludum
1665 3331 1737 3386 taxil-

569 3417 665 3470 lorum.
685 3425 857 3468 scacetorum.
876 3413 994 3467 Rianete
1014 3414 1057 3468 uel
1076 3414 1139 3468 bille
1156 3417 1184 3470 in
1203 3419 1313 3488 poderio
1332 3419 1443 3492 bugelle.
1460 3437 1509 3474 nec
1526 3421 1560 3474 ab
1572 3419 1736 3474 Eleuocitra

568 3519 650 3558 neca
671 3499 814 3571 campanili
833 3501 956 3554 borriane
973 3501 1045 3554 citra.
1065 3518 1114 3556 nec
1132 3521 1147 3557 a
1165 3507 1307 3576 campanili
1325 3507 1465 3562 sandiliani
1483 3509 1555 3562 citra.
1575 3525 1624 3562 nec
1641 3525 1737 3562 acam·

568 3589 650 3662 panili
670 3587 753 3642 macti
772 3585 898 3658 laurencii
918 3588 952 3641 de
981 3589 1092 3644 candelo
1119 3592 1190 3645 citra.
1218 3611 1268 3647 nec
1295 3596 1328 3649 ab
1346 3595 1454 3650 ecclesia
1481 3609 1571 3651 sancte
1598 3596 1680 3650 biarie
1703 3597 1737 3650 de

568 3678 687 3733 auillano
705 3677 776 3730 citra.
796 3693 845 3729 nec
863 3676 896 3730 ab
915 3675 1023 3731 ecclesia
1042 3677 1147 3733 Ronchi
1165 3681 1238 3734 citra
1256 3698 1305 3736 nec
1323 3684 1356 3737 ab
1374 3684 1482 3738 ecclesia
1510 3685 1646 3758 pitenengi
1664 3686 1735 3739 citra.

568 3783 617 3822 nec
635 3767 669 3820 ab
687 3764 796 3819 ecclesia
814 3763 897 3818 sancti
925 3763 1050 3837 laurencii
1079 3767 1112 3820 de
1130 3769 1251 3824 andumo
1269 3772 1340 3824 citra
1366 3791 1415 3827 uec
1433 3791 1479 3844 per
1496 3785 1600 3828 tantum
1618 3775 1735 3846 spacium

568 3872 649 3926 prope
667 3853 829 3908 territorium
848 3851 954 3922 bugelle
973 3853 1128 3910 diffiniendo
1147 3873 1193 3928 per
1210 3871 1308 3912 rectam
1327 3859 1426 3914 lineam
1438 3879 1454 3915 a
1466 3861 1585 3933 quolibet
1594 3862 1735 3934 campanili

567 3959 616 3998 nec
635 3941 720 3996 eciam
737 3939 783 4010 qui
803 3940 943 4010 prostiterit
961 3941 1075 3996 tenuerit
1093 3945 1177 3998 menti
1195 3944 1387 4002 illuminauerit
1404 3951 1582 4020 supersteterit
1594 3951 1636 4004 uel
1650 3967 1696 4021 per
1707 3967 1736 4004 se

568 4029 623 4084 ludi
643 4027 739 4082 fecerit.
759 4025 802 4080 uel
820 4027 857 4080 ibi
876 4028 977 4082 dederit
990 4029 1146 4085 conscilium
1159 4033 1288 4088 auxilium
1301 4035 1343 4088 uel
1356 4035 1483 4090 fauorem
1497 4053 1546 4092 nec
1558 4039 1623 4092 lnde
1632 4038 1735 4094 lucrum

567 4117 689 4174 habuerit
707 4114 750 4186 (r)
768 4127 823 4169 tam
842 4115 870 4168 in
889 4117 1015 4172 nundinis
1034 4117 1139 4190 bugelle
1165 4138 1245 4193 quam
1272 4139 1442 4198 quocumque
1471 4125 1525 4180 alio
1555 4137 1674 4198 tempore
1692 4129 1734 4198 (1)

593 4291 626 4346 (r,
640 4289 727 4344 Allecto
741 4290 850 4345 ροοιιήοτ.

593 4363 626 4420 (a)
639 4361 705 4418 Capit.
721 4360 760 4403 boc
774 4361 877 4416 posterius
891 4362 990 4414 additam,
1005 4363 1063 4406 litera
1077 4365 1150 4408 initiali
1164 4367 1247 4408 mim
1262 4378 1323 4410 um,
