3918 5554
1396 561 1446 616 ²43

317 687 340 724 2.
360 671 427 724 Item
446 671 518 742 quod
537 669 647 742 quilibet
665 669 819 740 Calegarius
838 681 958 724 teneatur
976 681 1003 725 et
1021 671 1114 725 debeat
1133 669 1217 725 facere
1237 669 1352 726 Cereum
1364 687 1447 726 vnum

281 758 313 811 de
332 775 382 810 una
402 758 466 811 libra
485 775 543 812 cete
562 758 638 812 omni
656 775 728 812 anno
746 759 774 810 in
794 757 861 810 festo
879 757 1025 812 natiuitatis
1042 757 1147 814 domini
1165 759 1198 812 ad
1226 759 1386 828 portandum
1415 761 1447 812 ad

281 857 400 900 sanctum
420 845 594 916 Stephanum.
614 846 647 899 Et
662 845 772 917 quilibet
782 857 901 898 teneatur
911 846 1010 899 dictum
1022 845 1136 899 Cereutn
1146 847 1293 916 gubernare
1303 859 1360 900 toto
1368 862 1447 902 anno,

281 933 336 987 Sub
354 951 422 1004 pena
440 934 587 987 solidorum
607 932 642 987 X.
663 933 836 1003 papiensium.
855 932 888 986 Et
906 932 1017 1003 quilibet
1035 945 1156 987 teneatur
1169 945 1272 1005 portare
1283 934 1385 989 dictum
1401 935 1449 990 Ce-

281 1038 357 1076 reum
375 1021 403 1074 in
422 1021 527 1092 propria
546 1037 664 1092 persona.
684 1021 739 1076 Sub
759 1023 847 1076 banno
866 1020 1013 1076 solidomm
1032 1021 1147 1076 duorum
1166 1021 1341 1093 papiensium.

319 1211 341 1266 3.
361 1195 427 1250 Item
447 1197 519 1267 quod
538 1197 651 1250 debeant
670 1195 725 1250 fieri
745 1195 869 1259 Quatuor
887 1195 964 1251 Cerei
983 1197 1016 1250 de
1034 1196 1107 1251 libris
1125 1197 1227 1251 duabus
1246 1213 1293 1268 pro
1303 1197 1388 1252 Cereo
1402 1199 1448 1269 qui

281 1297 419 1356 portentur
437 1301 482 1354 per
501 1285 632 1340 Consules
650 1295 677 1336 et
694 1285 803 1338 ardeant
821 1300 925 1355 semper
943 1285 976 1338 ad
995 1286 1118 1356 exequias
1128 1297 1296 1340 mortuorum
1306 1287 1351 1356 qui
1361 1299 1449 1340 essent

281 1375 315 1428 de
333 1373 457 1444 Collegio
475 1385 501 1426 et
519 1374 552 1428 de
571 1373 719 1426 Consorcio
739 1371 948 1442 Calegariorum.
968 1372 1023 1436 Qui
1047 1373 1123 1428 Cerei
1152 1386 1375 1429 manuteneantur
1403 1391 1449 1446 per

281 1461 406 1515 Comune
427 1459 637 1532 Calegariorum.

316 1651 341 1704 4.
359 1635 427 1689 Item
446 1637 518 1706 quod
537 1633 648 1706 quilibet
666 1648 786 1690 teneatur
804 1649 830 1690 et
849 1636 942 1689 debeat
961 1637 999 1705 ire
1017 1649 1044 1690 ct
1071 1651 1237 1707 perseuerare
1263 1639 1296 1692 ad
1325 1639 1449 1710 exequias

281 1735 448 1778 mortuorum
467 1723 513 1793 qui
532 1721 629 1776 fuerint
648 1723 681 1776 de
700 1722 824 1792 Collegio
843 1735 868 1776 et
887 1723 980 1776 debeat
998 1725 1038 1792 jre
1056 1725 1088 1776 ad
1120 1724 1233 1777 domum
1260 1723 1386 1779 defuncti.
1414 1725 1448 1779 Et

281 1810 392 1882 quilibet
410 1810 504 1864 debeat
522 1821 625 1880 portare
643 1825 722 1863 suum
742 1809 865 1864 Cereum.
884 1809 918 1864 Et
936 1811 981 1881 qui
1006 1809 1188 1864 contrafecerit
1214 1809 1301 1866 soluat
1328 1813 1447 1867 bannum

281 1915 329 1968 pro
347 1898 465 1969 quolibet
484 1911 509 1951 et
527 1897 645 1968 qualibet
663 1897 721 1950 uice
739 1899 887 1952 solidorum
906 1897 939 1951 V.
959 1898 1124 1969 papiensium
1143 1910 1169 1952 et
1188 1915 1353 1968 perseuerare
1364 1917 1447 1971 usque

280 1987 353 2057 quod
372 1985 450 2040 fuerit
467 1985 661 2064 sepultuqut
679 1985 790 2055 quilibet
808 1997 928 2039 teneatur
946 1986 1008 2040 dare
1026 2002 1109 2040 unum
1128 2002 1224 2056 panem
1244 1987 1287 2041 uel
1309 1988 1448 2042 denarium

282 2090 329 2147 pro
346 2075 436 2128 anima
454 2073 511 2126 eius
529 2073 613 2128 silicet
630 2073 754 2128 omnium
772 2073 805 2127 de
824 2073 979 2129 Consorcio.
999 2073 1032 2128 Et
1050 2073 1181 2128 Consules
1191 2077 1449 2145 teneanturJrecum

282 2175 377 2234 quator
395 2178 484 2216 cereas.

320 2336 429 2406 5.,ltem
447 2336 519 2407 quod
538 2334 627 2390 nullus
644 2335 738 2390 debeat
757 2351 805 2390 nec
824 2347 958 2407 presumat
976 2336 1038 2390 dare
1055 2337 1088 2392 ad
1108 2335 1282 2392 laborandum
1301 2337 1381 2392 alicui
1403 2339 1445 2392 de

282 2436 363 2478 rento
381 2424 426 2495 qui
445 2435 513 2478 esset
530 2437 706 2477 conuentatus
724 2441 785 2478 cum
804 2423 858 2477 alio
876 2426 909 2477 de
928 2423 1060 2495 Collegio‚
1078 2425 1129 2478 nisi
1149 2425 1201 2478 hoc
1219 2423 1308 2478 feeerit
1326 2426 1359 2479 de
1369 2425 1447 2480 licen·

281 2512 322 2566 cia
340 2513 411 2566 illius
429 2528 491 2566 curn
509 2527 564 2582 quo
582 2523 650 2566 esset
668 2524 850 2566 conuenutus
871 2513 903 2566 Et
921 2513 967 2583 qui
986 2511 1168 2568 connafecerit
1179 2511 1265 2566 soluat
1272 2529 1320 2584 pro
1329 2513 1448 2584 quolibet

282 2611 308 2652 et
326 2599 443 2670 qualibet
461 2599 519 2653 uice
537 2599 644 2664 solidos,
665 2599 696 2654 V.
715 2611 741 2654 et
760 2617 807 2672 pro
825 2599 945 2670 quolibet
962 2601 1005 2654 die
1023 2617 1078 2673 quo
1097 2601 1256 2656 laborauerit
1272 2617 1363 2656 secum
1394 2603 1443 2656 de·

284 2687 373 2740 narios
392 2687 450 2758 XlJ.

317 2859 342 2914 6.
362 2861 428 2914 ltem
447 2873 574 2916 statutum
593 2873 632 2916 est
650 2863 722 2934 quod
742 2862 814 2916 nulla
833 2877 945 2934 persona
963 2863 1045 2934 possit
1062 2879 1112 2917 nec
1123 2864 1223 2939 ⁸debeat
1238 2877 1325 2932 petere
1338 2879 1386 2918 nec
1397 2863 1448 2932 peti

283 2947 367 3001 facere
385 2949 500 3020 aliquem
520 2951 622 3003 donum
641 2967 688 3004 seu
707 2951 822 3018 gratiam
842 2951 868 3002 in
888 2949 960 3004 dicto
978 2950 1103 3020 Collegio
1126 2963 1187 3003 ante
1215 2950 1310 3002 festum
1338 2951 1448 3020 Aposto-

282 3035 369 3090 lorum
384 3037 511 3108 Spanonis
529 3051 555 3091 et
569 3038 637 3108 Jude
656 3054 705 3090 nec
723 3038 854 3092 Consules
872 3055 918 3092 seu
936 3037 980 3108 alij
1000 3039 1035 3092 Et
1061 3039 1107 3109 qui
1135 3037 1325 3102 contrafecerit,
1356 3039 1449 3092 Soluat

283 3125 384 3178 solidos
402 3125 521 3196 quinque
534 3126 708 3196 papiensium.

318 3315 343 3368 7.
362 3299 433 3354 Item
451 3302 523 3370 quod
542 3301 631 3354 nullus
649 3302 743 3354 debeat
761 3318 849 3355 emere
867 3301 976 3371 aliquod
996 3301 1110 3355 Coreant
1131 3301 1261 3355 bouinutn
1271 3303 1343 3372 quod
1355 3301 1450 3356 haben

284 3389 370 3458 pules,
389 3387 439 3440 nisi
460 3389 540 3442 bestia
559 3401 627 3442 esset
646 3401 750 3443 mortua
769 3389 796 3442 ln
817 3388 933 3444 hectaria
952 3388 1062 3458 Bngelle
1080 3389 1162 3458 etqui
1173 3388 1355 3443 contrafecerit
1364 3389 1449 3444 soluat

284 3493 331 3547 pro
349 3476 467 3548 quolibet
486 3489 511 3530 et
529 3476 645 3547 qualibet
664 3477 722 3530 uice
740 3475 840 3530 solidos
856 3476 890 3534 11.
911 3475 1085 3547 papiensium.

319 3653 343 3704 8.
364 3651 430 3704 lttm
449 3663 576 3704 statutum
594 3651 724 3722 estquod
743 3649 832 3704 nullus
851 3650 1005 3720 Calegarius
1023 3651 1100 3704 undat
1127 3652 1159 3704 ad
1189 3651 1362 3706 laborandum
1388 3667 1449 3706 cunr

284 3740 374 3810 aliquo
392 3739 437 3810 qui
458 3755 511 3792 non
531 3740 564 3792 sit
583 3739 616 3792 de
635 3739 759 3810 Collegio
778 3740 811 3794 de
830 3739 917 3810 aliqua
936 3755 964 3792 re
982 3755 1034 3811 que
1053 3739 1182 3809 pertineat
1199 3739 1232 3792 ad
1252 3739 1371 3794 officium
1393 3741 1448 3796 Ca·

284 3828 390 3896 legatie,
410 3828 441 3881 Et
459 3827 505 3898 qui
524 3825 705 3880 contrafecerit
722 3827 809 3881 soluat
828 3843 875 3896 pro
901 3829 989 3880 banno
1019 3825 1119 3880 solidos
1147 3825 1179 3880 t'.
1210 3826 1375 3898 papiensium
1402 3844 1450 3897 pto

284 3916 403 3986 quolibet
421 3929 447 3968 et
465 3913 581 3986 qualibet
600 3915 666 3969 uice
686 3915 718 3968 Et
736 3915 787 3968 hoc
806 3927 926 3968 teneatur
943 3916 1084 3968 absentare
1102 3931 1236 3985 persuum
1246 3927 1449 3970 sacramentam.

285 4004 318 4058 Et
347 4003 458 4074 quilibet
487 4003 533 4074 qui
563 4003 657 4057 viderit
688 4015 808 4058 teneatur
837 4019 958 4058 accusare
990 4003 1012 4058 si
1039 4003 1147 4058 seiuem
1176 4019 1222 4075 per
1251 4019 1330 4058 suum
1360 4019 1448 4060 sacra-

284 4105 416 4146 mentum.

320 4283 345 4336 9.
365 4267 430 4320 ltem
450 4267 521 4336 quod
540 4267 629 4320 nullus
648 4265 801 4334 Cale-gorius
820 4267 913 4320 debeat
932 4283 980 4320 nec
1000 4281 1132 4337 prasumat
1151 4269 1268 4322 laborare
1278 4285 1326 4322 nec
1338 4269 1447 4322 laborari

284 4355 367 4408 facere
385 4355 484 4426 aliquid
503 4355 575 4425 quod
594 4355 721 4426 pertineat
739 4355 771 4408 ad
790 4354 909 4410 officiunt
928 4355 1066 4427 Calegane
1085 4357 1117 4410 de
1137 4370 1223 4420 nocte,
1242 4355 1355 4426 Excepta
1371 4357 1450 4428 affay·
