3918 5554
536 429 587 486 262

532 552 622 693 leeclerit
639 551 726 694 Ἕκ
743 553 843 608 solidos
861 554 894 608 11.
913 555 1087 627 papiensium.
1106 557 1140 612 Et
1165 557 1217 612 hoc
1244 556 1407 629 intelligatur
1434 558 1485 614 nisi
1513 559 1609 614 laceret
1632 559 1697 616 telas

533 657 550 692 u
596 657 658 694 man
717 681 724 694 .

569 798 610 852 35.
629 783 696 836 ltetn
715 795 842 838 statutum
861 787 990 857 estquod
1018 787 1129 857 quilibet
1156 787 1295 843 Clanarius
1323 789 1420 844 habeat
1445 802 1472 843 ct
1490 789 1587 844 habere
1604 791 1698 846 debeat

532 871 701 924 medietatem
726 873 883 926 bannorum

571 1011 610 1081 36.
630 1013 697 1066 Item
716 1013 787 1084 quod
806 1012 917 1084 quilibet
935 999 1062 1086 magister
1087 1027 1209 1070 teneatur
1235 1033 1283 1086 pru
1301 1033 1350 1071 suo
1368 1031 1533 1073 sacramento
1550 1020 1623 1090 quod
1641 1035 1696 1074 non

533 1101 577 1154 det
594 1101 772 1154 adluctorium
790 1119 838 1154 nec
857 1102 1017 1156 adiuuamen
1036 1103 1114 1157 alicui
1134 1103 1232 1158 rebello
1251 1105 1314 1158 dicti
1333 1104 1449 1176 Collegij
1473 1105 1506 1160 Et
1524 1107 1569 1175 qui
1588 1119 1697 1161 contra-

533 1187 621 1241 fecerit
640 1187 727 1241 soluat
746 1205 792 1258 pro
811 1189 929 1258 quolibet
947 1203 973 1244 et
991 1191 1107 1261 qualibet
1120 1192 1185 1256 uice,
1199 1190 1300 1246 solidos
1312 1191 1345 1245 V.
1358 1194 1523 1265 papiensium
1535 1211 1585 1248 nec
1600 1195 1698 1249 dimitti

533 1277 595 1328 dare
613 1275 691 1329 alicui
710 1277 743 1329 de
762 1293 808 1330 sua
828 1277 936 1341 familia,
954 1278 1006 1332 hoc
1025 1278 1188 1350 intelligatur
1206 1280 1239 1333 de
1258 1279 1348 1334 officio
1366 1281 1428 1335 dicti
1456 1281 1571 1353 Collegij
1591 1283 1697 1337 tertarie.

1010 1497 1248 1510 -ιι-

762 1697 791 1752 Ε.
810 1697 987 1754 STATUTA
1006 1697 1177 1754 COLLEGII
1195 1697 1473 1756 DRAPAmoltUlt

531 1859 570 1925 In
594 1859 726 1925 nomine
750 1858 874 1926 domini
896 1861 1012 1930 Amen.

569 2001 624 2054 Hec
642 2012 704 2054 sunt
722 2001 835 2071 quedam
855 2013 950 2054 statuta
971 2015 996 2054 ct
1016 2001 1200 2055 ordinamenta
1219 2001 1334 2072 Collegij
1366 2001 1555 2073 Drapariorum
1584 2003 1695 2073 Bugelle

534 2101 559 2142 et
578 2089 686 2143 Vernati
706 2089 772 2142 lacta
791 2102 817 2143 et
835 2090 977 2159 compilata
996 2090 1029 2142 ad
1048 2089 1227 2143 reuerenciarn
1246 2103 1272 2142 et
1290 2091 1423 2143 honorem
1435 2091 1478 2144 dci
1490 2103 1517 2144 et
1529 2093 1604 2145 beate
1616 2092 1699 2145 Marte

532 2177 642 2246 virginis
661 2190 686 2230 et
700 2178 824 2230 omnium
837 2189 989 2230 stactomm
1003 2191 1029 2230 et
1042 2190 1190 2230 sanctarum
1204 2177 1246 2230 dei
1260 2179 1299 2230 Ac
1312 2178 1453 2242 honorem,
1466 2177 1696 2248 magnificenciam

533 2277 559 2319 et
578 2266 680 2318 bonurn
697 2277 796 2318 statum
814 2264 950 2334 magnifici
969 2278 995 2318 et
1013 2266 1108 2319 excelsi
1127 2265 1231 2319 domini
1250 2277 1298 2318 etc.
1311 2278 1379 2320 terre
1392 2265 1501 2336 Bugelle
1513 2279 1562 2320 etc
1576 2279 1625 2321 etc.
1645 2267 1698 2322 lm·

534 2353 638 2423 perialis
656 2353 744 2424 vicarii
765 2351 903 2424 generalis.
922 2353 1014 2408 Eciant
1032 2354 1065 2406 ad
1084 2354 1186 2406 bonum
1204 2364 1332 2408 statutum
1351 2353 1392 2422 (1)
1428 2353 1567 2408 utilitatem
1585 2365 1612 2406 et
1638 2369 1699 2408 cort·

537 2442 719 2494 seruacionem
737 2441 823 2494 tocius
842 2439 1021 2494 Comuniratis
1040 2454 1066 2494 et
1084 2441 1228 2494 hominurn
1247 2441 1316 2494 dicte
1334 2453 1409 2495 tene.

574 2581 687 2634 Omissis.
709 2611 740 2619 —
764 2579 823 2634 l'i'de
840 2589 916 2652 supra
934 2580 967 2634 ad
980 2589 1041 2652 pag.
1061 2595 1104 2652 90.
1124 2581 1168 2633 ubi
1194 2587 1286 2634 slalrtla
1313 2581 1378 2644 itaer,
1405 2581 1603 2652 entanttscriplo
1621 2581 1700 2636 codice

535 2675 686 2722 statutorum
706 2669 837 2734 Comanis,
856 2668 997 2740 deprompta
1011 2672 1069 2740 jam
1087 2668 1216 2722 edidimus.
1248 2670 1302 2723 Hoc
1321 2670 1381 2733 loco,
1410 2687 1472 2740 qaae
1490 2671 1518 2724 in
1536 2670 1618 2724 codix
1648 2671 1699 2742 ipso

534 2755 706 2811 desiderantur
725 2763 823 2812 laniunt
840 2757 983 2828 adijcimus.

570 2919 628 2990 Ego
643 2918 778 2989 Johnnnes
797 2917 941 2972 Salinarius
959 2919 993 2971 de
1011 2915 1120 2988 Bngelln
1133 2915 1252 2987 publicus
1265 2915 1383 2970 nottrius
1394 2917 1427 2970 de
1441 2917 1568 2970 mandato
1586 2915 1697 2987 Antonii

529 3006 636 3062 ¹eilberti
655 3007 805 3062 Gambaroc
823 3007 917 3076 notarij
938 3006 1070 3061 Comunis
1088 3005 1198 3075 Bngelle
1217 3005 1314 3074 scripsi,
1333 3017 1360 3058 et
1388 3005 1502 3076 Signum
1528 3021 1619 3058 meum
1638 3020 1700 3058 con-

535 3107 640 3148 suetum
659 3094 769 3164 apposui
788 3095 815 3147 in
834 3093 1019 3148 testimonium
1045 3093 1168 3146 veritatis.

569 3183 628 3254 Ego
647 3184 782 3237 Antonius
801 3183 902 3236 Alberti
921 3181 1071 3236 Gambaroe
1090 3182 1278 3252 suprascriptus
1303 3181 1422 3235 notarius
1440 3180 1572 3235 Comunis
1590 3180 1700 3251 Bngelle

534 3271 642 3325 interlui
660 3283 686 3325 et
704 3285 811 3342 rogatus
829 3271 906 3324 scribi
924 3270 974 3324 leci
993 3282 1019 3323 et
1038 3288 1082 3323 me
1099 3270 1238 3340 subscripsi
1256 3286 1318 3323 cum
1337 3269 1507 3340 apposicione
1537 3269 1613 3340 Signi
1644 3269 1698 3323 mei

533 3360 653 3412 consueti
672 3377 718 3429 per
732 3360 883 3429 Johannem
902 3357 1063 3412 Salinarium
1080 3359 1215 3412 notarium
1243 3357 1277 3410 de
1305 3357 1414 3428 Bugella
1438 3358 1472 3410 de
1500 3357 1627 3411 mandato
1646 3356 1699 3410 mei

535 3449 629 3519 notarii
649 3447 823 3518 suprascripti.

535 3607 573 3672 In
596 3607 729 3673 nomine
752 3605 875 3673 domini
898 3607 999 3672 nostri
1021 3605 1125 3694 yhesu
1148 3605 1235 3673 cristi
1257 3607 1373 3674 Amen.

570 3729 713 3782 Millesimo
732 3729 902 3783 CCCLVIII.
930 3728 1063 3782 inditione
1090 3728 1148 3781 XII.
1176 3728 1219 3781 die
1249 3727 1311 3782 111⁰.
1336 3728 1459 3799 Ianuarii.
1491 3726 1607 3781 Gilonus
1625 3727 1698 3780 burla

535 3817 648 3870 seruitor
666 3816 821 3887 infrascripti
840 3816 944 3870 domini
963 3817 1098 3886 potestatis
1117 3827 1273 3886 protestatus
1291 3815 1341 3868 luit
1358 3833 1386 3870 se
1405 3817 1438 3870 de
1456 3816 1583 3869 mandato
1595 3815 1699 3869 Nobilis

536 3917 561 3958 et
579 3905 711 3976 Sapientis
731 3906 780 3959 viri
798 3905 902 3959 domini
920 3905 1007 3976 Egidij
1028 3905 1061 3960 de
1080 3904 1236 3958 Carixsndis
1254 3904 1395 3976 jurisperiti
1414 3905 1447 3958 de
1465 3903 1587 3958 Bononia
1605 3903 1698 3958 hono—

535 3996 623 4050 rabilis
642 3996 776 4066 potestatis
794 4007 862 4050 terre
880 3995 991 4066 bugelle
1008 4007 1034 4048 et
1053 3995 1225 4049 dominorum
1241 3993 1332 4064 Jacobi
1350 3993 1441 4047 villani
1456 3993 1570 4065 Claustrij
1591 4010 1621 4047 ac
1639 4009 1700 4046 con·

535 4085 623 4140 sulum
643 4084 775 4138 Comunis
793 4083 903 4154 Bugelle
915 4084 1027 4137 cridasse
1040 4083 1091 4137 alta
1105 4099 1171 4138 uoce
1183 4099 1229 4153 per
1241 4082 1358 4153 platheas
1370 4082 1450 4153 Placij
1465 4081 1577 4136 etPlani
1590 4081 1700 4153 Bugelle

614 4261 642 4311 (ι)
658 4258 698 4310 stc,
714 4271 784 4300 terum
798 4259 873 4300 tectius
888 4259 1004 4313 legendum:
1019 4265 1095 4298 statum.
