3926 5542
1420 479 1465 530 141

305 591 393 644 taliter
410 591 545 660 scripuris
564 591 647 653 Quod
666 591 709 643 aie
739 592 808 659 iouis
834 609 886 660 qua
905 589 934 642 fit
963 589 1049 642 forum
1068 591 1096 642 in
1116 591 1200 659 placio
1218 589 1326 658 bugelle
1344 589 1400 641 siue
1418 587 1468 640 alia

305 681 349 733 die
366 697 418 750 qua
437 681 575 741 continget
594 679 682 731 sorum
701 679 756 730 fieri
776 681 804 731 in
823 681 894 731 dicto
913 679 972 730 loco
991 681 1071 731 etiarn
1090 691 1209 748 tempore
1222 680 1399 732 nundinarum
1413 693 1468 728 non

303 768 461 820 armat-ibitis
480 784 529 819 ne:
547 769 699 819 detinebitis
718 768 834 836 aliquam
864 783 1002 836 personam
1030 767 1182 818 venientem
1212 767 1244 818 ad
1263 766 1362 818 dictum
1382 763 1468 816 lorum

304 868 331 908 et
348 855 381 907 ad
399 856 534 908 nundinas
551 856 608 907 Nec
627 857 684 906 eius
703 857 771 906 bona
791 856 983 923 sequesmbitis
1002 871 1049 922 pro
1062 854 1151 906 debito
1164 852 1245 906 Ciuili
1261 854 1469 922 quibuscumque

304 941 332 996 in
350 943 513 996 contrarium
533 942 688 994 facien-abas
706 957 732 994 et
751 943 893 994 aducenlis
912 959 967 993 non
986 942 1149 992 obstantibus
1179 941 1314 1010 Quodque
1341 940 1362 994 si
1391 939 1468 992 tuerit

305 1048 415 1100 percos
433 1031 474 1082 rel
494 1032 639 1100 quemlibet
658 1045 773 1082 vestrum
801 1042 923 1081 arrestata
951 1029 1038 1097 aliqua
1066 1045 1175 1096 persona
1203 1028 1261 1091 aliis
1279 1028 1370 1080 diebus
1388 1043 1468 1096 quam

303 1120 347 1171 die
365 1117 424 1184 lorii
444 1119 472 1170 in
492 1119 553 1170 loeo
571 1118 681 1186 bugelle
700 1119 757 1170 siue
774 1120 802 1170 in
822 1117 905 1170 domo
923 1116 1075 1184 Spombilis
1093 1115 1195 1168 domini
1216 1115 1349 1186 potestatis
1368 1133 1415 1184 pro
1427 1115 1470 1167 de·

306 1206 361 1258 bito
379 1205 461 1259 Ciuili
481 1206 562 1258 etiam
581 1223 629 1275 pro
648 1223 724 1258 musa
743 1205 882 1258 Criminali
902 1217 927 1255 et
946 1204 997 1255 boc
1016 1204 1048 1254 ad
1067 1203 1222 1256 instanciam
1250 1203 1365 1272 plurium
1384 1219 1469 1272 perso·

304 1311 431 1346 sonarum
449 1293 530 1345 simul
549 1307 574 1345 et
592 1294 674 1345 semel
694 1293 735 1346 uei
756 1307 814 1362 post
832 1294 948 1361 primurn
966 1303 1093 1343 arrestum
1112 1308 1158 1360 per
1169 1291 1234 1343 alios
1247 1291 1470 1358 creddimresiptsa

305 1399 416 1452 persona
435 1383 472 1433 sic
490 1393 613 1433 arrestata
632 1382 707 1432 vobis
725 1382 830 1450 jtterato
850 1380 1000 1432 Recomissa
1020 1378 1096 1431 suerit
1114 1396 1161 1431 seu
1179 1380 1259 1431 etiam
1278 1391 1349 1448 parte
1362 1378 1467 1446 Egregij

303 1469 403 1522 ducalis
421 1469 528 1536 clauarij
549 1467 631 1532 Quod
651 1471 683 1520 ab
701 1469 794 1521 melem
823 1485 934 1537 persona
963 1481 991 1520 et
1018 1466 1177 1536 premittitur
1207 1483 1262 1519 non
1289 1467 1399 1536 exigetis
1418 1465 1468 1518 nisi

304 1559 442 1611 dumtaxat
459 1556 565 1608 micam
584 1555 750 1609 solucionem
768 1574 816 1626 pro
833 1573 887 1608 sno
901 1569 999 1608 arnsto
1012 1569 1038 1608 et
1049 1573 1104 1607 non
1117 1556 1182 1608 vltra
1195 1555 1228 1608 Et
1240 1556 1364 1626 premissa
1377 1554 1471 1608 omnia

304 1659 330 1700 et
348 1643 453 1712 singula
472 1645 592 1714 jurabitis
619 1647 759 1697 obseruare
786 1646 834 1697 sub
862 1661 928 1714 pena
951 1645 1056 1713 periurii
1076 1657 1103 1696 et
1121 1645 1230 1697 infantie
1247 1659 1277 1696 ac
1296 1644 1402 1697 alterius
1421 1645 1470 1696 sub

304 1751 371 1806 pena
393 1731 583 1786 Restitutionis
601 1733 683 1802 duplij
704 1734 776 1800 jllius
794 1735 865 1802 quod
884 1734 995 1802 exigetis
1013 1733 1046 1784 ab
1065 1733 1126 1802 ipsis
1145 1733 1181 1786 sic
1211 1735 1341 1786 arrestatis
1359 1747 1405 1786 seu
1423 1748 1469 1784 ar·

303 1825 440 1886 restandis,
459 1823 550 1884 Qram
572 1837 668 1890 penarn
688 1823 745 1890 ipso
764 1823 821 1890 jure
838 1833 865 1874 et
884 1819 952 1872 facto
970 1836 1031 1872 msu
1050 1821 1182 1873 contrario
1201 1821 1340 1891 incurratis
1361 1833 1387 1874 et
1406 1821 1469 1891 qui-

305 1913 368 1966 libet
386 1927 506 1966 restrum
525 1913 583 1981 ipso
601 1914 659 1981 jure
676 1923 702 1963 et
721 1910 789 1962 facto
808 1913 930 1978 incurrat.

339 2037 372 2089 Et
390 2053 442 2103 ego
457 2034 594 2104 Johanncs
612 2033 699 2086 nicola
717 2033 750 2086 de
769 2033 919 2086 meschiatis
937 2031 1006 2084 lilius
1026 2034 1162 2102 quondam
1181 2033 1335 2103 Spectabilis
1347 2047 1372 2088 et
1385 2033 1471 2086 claris-

303 2125 363 2176 simi
384 2124 447 2192 juris
465 2125 600 2192 etriusque
618 2123 733 2175 doctoris
753 2121 863 2174 Domini
883 2121 1063 2173 Bartlrolomei
1084 2123 1117 2174 de
1135 2123 1285 2174 nrtscltiatis
1303 2125 1336 2176 de
1366 2123 1470 2190 bugella

304 2214 423 2284 publicus
441 2212 571 2282 imperiali
590 2213 746 2263 auctoritate
765 2211 889 2264 Notarius
903 2223 929 2262 et
943 2211 976 2262 de
989 2209 1104 2278 collegio
1116 2212 1280 2264 notariorum
1295 2211 1399 2282 bugelle
1412 2213 1471 2266 scri·

304 2303 388 2371 baque
407 2301 479 2352 curie
498 2299 660 2370 prelatorum
680 2299 851 2351 dominorum
871 2297 975 2365 clauarij
997 2311 1023 2350 et
1042 2299 1193 2353 Consulum
1219 2301 1342 2353 comunis
1367 2301 1471 2370 bugelle

302 2391 367 2442 dum
386 2389 558 2458 suprascripta
577 2399 673 2440 statuta
702 2403 749 2439 seu
778 2386 930 2439 additiones
949 2387 981 2438 ad
1000 2387 1051 2439 alia
1078 2389 1185 2458 antiqua
1208 2401 1303 2441 statuta
1322 2389 1385 2440 alias
1404 2388 1469 2442 lacta

303 2493 348 2546 per
366 2477 559 2530 comunitatem
578 2475 683 2544 bugelle
702 2491 779 2543 super
799 2475 929 2527 conteras
949 2475 976 2527 in
996 2477 1174 2546 suprascriptis
1192 2477 1295 2528 statutis
1314 2477 1469 2530 addiciunt-

304 2565 441 2634 libusque
460 2581 574 2616 numero
593 2577 653 2616 sunt
673 2579 772 2615 novem
792 2579 838 2632 per
859 2564 1092 2632 supranominatos
1119 2565 1244 2618 dominos
1272 2565 1425 2620 Clauarium
1444 2581 1469 2620 et

303 2653 434 2707 Consules
453 2669 482 2705 ac
501 2653 684 2704 credendarios
703 2663 730 2703 vt
749 2650 908 2720 premittitur
927 2651 1018 2704 tierent
1037 2665 1063 2704 et
1081 2654 1258 2708 conderentur
1276 2655 1303 2708 in
1324 2654 1399 2726 plena
1419 2672 1470 2708 cre

303 2741 391 2795 denaia
411 2741 635 2810 publicationique
665 2741 782 2808 ipsorum
810 2753 968 2793 statutorum
997 2741 1204 2795 adtioonalium
1222 2745 1270 2796 sub
1289 2761 1360 2798 anno
1380 2761 1470 2798 mense

303 2841 329 2882 et
347 2829 390 2881 die
409 2829 506 2898 quibus
524 2844 601 2897 supra
621 2826 687 2880 lacte
706 2845 811 2897 presens
831 2827 867 2880 sui
886 2841 912 2881 et
931 2827 1036 2880 interlui
1065 2829 1202 2901 ipsamque
1228 2831 1422 2886 conlectionem
1442 2847 1467 2888 et

303 2916 513 2986 publicationem
534 2915 629 2984 Recepi
649 2918 773 2986 jussuque
787 2929 813 2968 et
826 2917 951 2968 mandato
966 2916 1124 2985 prelatorum
1138 2919 1309 2972 dominorum
1323 2922 1428 2988 clauarij
1444 2935 1469 2974 et

301 3005 443 3058 consulum
462 3021 492 3056 ac
511 3005 740 3056 credendariorum
761 3005 815 3073 ipsa
834 3017 928 3056 statuta
947 3005 1121 3058 adlicientur
1141 3006 1168 3058 in
1198 3009 1335 3060 volumine
1354 3023 1466 3062 statmo-

303 3111 362 3146 rum
380 3093 504 3145 comunis
523 3093 628 3162 bugelle
646 3105 672 3145 et
692 3093 717 3144 in
738 3091 850 3162 presenti
871 3093 938 3146 libro
956 3095 1137 3148 sacramentali
1169 3095 1356 3164 Spctztbtlrom
1376 3099 1465 3150 elonit-

302 3199 399 3234 norum
418 3182 553 3250 potestatis
571 3189 597 3232 et
616 3181 702 3248 vicarij
733 3181 824 3232 militis
852 3193 878 3233 et
907 3181 1076 3234 familiarium
1106 3183 1214 3250 linge-lle
1241 3197 1266 3236 et
1287 3187 1465 3236 imminuetur

302 3270 468 3339 incorporaui
488 3269 609 3338 rilijsque
628 3269 746 3337 negociis
764 3283 907 3338 occupmus
926 3287 1006 3322 manu
1027 3271 1131 3340 liert-gij
1148 3271 1211 3340 petri
1231 3273 1263 3324 de
1279 3271 1409 3335 blnmcils
1424 3291 1468 3324 ras

303 3359 360 3424 tarij
382 3357 478 3426 publici
499 3357 531 3409 de
551 3357 659 3425 Bugella
679 3357 760 3408 miclri
782 3355 825 3409 lili
846 3357 983 3426 subscripti
1002 3359 1078 3411 scribi
1099 3359 1145 3412 liei
1166 3372 1191 3412 et
1212 3359 1275 3412 lacta
1298 3363 1384 3412 elebtta
1404 3361 1470 3412 cola·

301 3447 378 3498 cione
397 3444 631 3513 suprascriptorum
649 3457 809 3496 statutorum
828 3462 889 3498 cum
909 3447 1068 3516 compendio
1087 3461 1112 3500 et
1131 3449 1281 3504 dictamine.
1307 3448 1363 3516 ipso
1390 3461 1462 3516 piru

302 3533 429 3585 Mauricio
449 3533 553 3598 legente
572 3545 597 3584 et
616 3549 660 3585 me
678 3534 823 3586 ascultante
841 3547 981 3605 atrumque
999 3537 1158 3588 conmnlare
1171 3537 1331 3599 inuenimnc
1347 3537 1408 3588 llio
1423 3537 1464 3588 luc

301 3637 345 3673 me
364 3621 503 3690 subscripsi
523 3637 583 3674 cum
604 3621 773 3689 appositione
791 3621 861 3674 soliti
882 3623 950 3685 simii
970 3623 1023 3674 mei
1042 3625 1227 3676 tabellionatus
1242 3623 1269 3676 in
1291 3625 1369 3676 talem
1389 3635 1414 3676 et
1434 3635 1467 3676 te

301 3709 459 3762 stimonium
478 3709 593 3762 verimtis
613 3710 736 3762 nantium
755 3723 781 3762 et
801 3710 968 3778 singulorum
988 3713 1185 3780 premissorum.

338 3799 395 3864 ligo
414 3811 501 3866 petrus
521 3797 590 3850 filius
609 3799 712 3850 Nobilis
733 3799 912 3850 bartholomei
932 3799 964 3851 de
984 3799 1116 3865 Mauricijs
1135 3801 1167 3852 de
1187 3799 1290 3860 burella
1303 3799 1468 3852 vercellensis

302 3883 421 3937 Dioccsis
431 3885 554 3938 Publicus
567 3886 696 3953 imperiali
709 3888 862 3938 auctoritate
882 3887 998 3938 notarius
1010 3901 1033 3938 et
1045 3889 1077 3939 de
1088 3889 1201 3946 colle-aio
1214 3889 1345 3938 notarium
1361 3889 1468 3956 liugelle

301 3973 478 4042 Suprascripta
490 3975 595 4026 Nouem
607 3975 707 4026 Statnta
719 3993 763 4044 per
774 3975 975 4042 suprascriptum
988 3975 1110 4026 Nobilem
1122 3989 1145 4026 et
1162 3977 1179 4026 11
1190 3995 1303 4042 aegium
1317 3977 1468 4046 Joltanttcnr

301 4061 424 4114 Nicolam
444 4061 475 4113 de
495 4061 1002 4126 mentiatisComunisBugellescribam
1025 4063 1135 4130 Recepti
1156 4081 1236 4116 mmo
1258 4067 1359 4134 propria
1379 4067 1468 4136 scopi

302 4148 333 4200 Et
352 4166 366 4200 a
387 4150 491 4218 proprio
511 4151 629 4218 ipsorum
649 4151 813 4202 Statutorum
833 4149 956 4216 cuiginali
976 4153 1135 4218 eonon-roro
1148 4169 1219 4204 iusso
1239 4167 1263 4204 et
1277 4155 1401 4206 natmlato
1413 4173 1464 4224 pre·

301 4235 345 4288 lati
367 4237 471 4302 ligreeij
490 4237 618 4306 Joltannis
638 4239 724 4290 nicole
743 4237 854 4289 tideliter
873 4239 970 4289 extraxi
991 4251 1016 4290 et
1035 4241 1137 4306 cepiaui
1160 4239 1187 4292 ln
1199 4243 1364 4312 prese-ntique
1382 4255 1407 4294 et
1427 4259 1466 4294 su·

300 4325 504 4393 prascriptorum
523 4325 687 4378 statutorum
707 4325 843 4376 volumine
853 4341 881 4376 ac
895 4325 1073 4378 Domitiorum
1086 4331 1220 4397 patestatis
1238 4328 1325 4398 ricarij
1341 4331 1431 4382 militis
1441 4343 1466 4384 et
