3926 5542
1366 549 1415 604 213

251 669 302 723 alla
320 667 453 722 semirude
471 663 608 720 criminale
626 664 676 718 che
694 663 715 716 si
734 661 824 716 finisca
843 661 868 715 ln
887 673 954 714 rotro
972 659 1132 714 comendae
1150 671 1177 712 et
1194 659 1244 712 che
1262 659 1315 730 poij
1336 658 1416 712 ritor-

251 757 318 810 nino
343 755 428 809 l'horo
446 753 579 824 collegiati
598 769 613 806 a
632 751 698 806 iorni
717 767 768 804 vna
787 761 826 804 tra
845 748 903 803 loro
921 749 1052 819 compida‚
1071 759 1098 802 et
1116 747 1192 818 quale
1212 747 1285 801 finito
1312 747 1365 818 poij
1395 745 1416 800 si

252 861 378 898 comenza
396 842 422 896 la
440 855 507 896 rorte
527 840 670 895 ordinaria.
1083 857 1105 888 x

286 933 335 986 Pin
354 931 426 984 hano
444 931 552 984 sternito
571 929 693 982 ordinato
712 939 738 981 et
756 925 899 980 reiomtato
917 941 995 978 come
1012 941 1094 994 segue
1111 923 1415 978 cioech'inosscruanm

252 1019 293 1074 del
313 1031 406 1089 quarto
424 1018 540 1090 capitolo
559 1029 705 1070 contenuto
723 1014 795 1068 neilo
815 1027 912 1068 statuto
931 1014 958 1068 di
981 1014 1054 1066 detto
1081 1011 1204 1082 collegio,
1232 1011 1281 1066 che
1308 1014 1368 1065 tutti
1400 1011 1417 1064 ii

252 1108 345 1160 nodari
363 1105 497 1176 collegiati
515 1106 591 1158 siano
609 1104 694 1158 renuti
713 1115 739 1156 et
757 1104 878 1156 debbano
898 1100 995 1154 fauorir
1013 1113 1040 1154 et
1058 1101 1179 1170 aggiuttr
1197 1099 1215 1152 li
1243 1099 1345 1153 consoli
1373 1117 1419 1170 per

254 1195 455 1248 marrutentione
473 1205 499 1246 et
517 1207 672 1246 ossemanza
691 1191 753 1244 delli
774 1189 862 1243 statuti
882 1201 973 1242 contra
992 1189 1056 1258 ogni
1075 1201 1262 1241 contrauentor
1280 1187 1365 1241 d'essi.

287 1283 336 1336 Pin
356 1283 405 1335 che
424 1283 451 1335 in
470 1297 626 1335 ossemrnza
645 1278 681 1332 dil
701 1279 816 1348 capitolo
835 1278 941 1330 decimo
953 1277 1420 1346 otmuonesunonodarucoileginto

253 1371 274 1424 si
293 1371 402 1425 admetri
421 1387 436 1424 a
454 1369 552 1423 seruire
570 1381 596 1422 et
614 1367 727 1422 scriuere
745 1366 795 1419 alle
814 1365 950 1420 secretario
969 1377 1042 1418 tanto
1061 1365 1139 1418 ciuile
1158 1366 1207 1420 che
1221 1365 1358 1420 criminale
1372 1366 1421 1420 che

254 1459 338 1531 prime
356 1473 411 1512 noo
430 1459 467 1511 sii
486 1469 554 1510 stato
573 1457 733 1510 esseminato
751 1469 777 1508 et
796 1456 942 1525 approbato
966 1471 1011 1524 per
1029 1453 1127 1507 idoneo
1146 1452 1196 1507 nile
1215 1453 1300 1508 formo
1318 1455 1345 1508 di
1363 1471 1422 1508 esso

254 1547 368 1616 crpitoio
387 1546 492 1599 decimo
511 1557 612 1598 ortnuo.

290 1635 338 1688 Piir
358 1634 408 1687 che
426 1649 472 1703 per
489 1649 644 1686 osseruanzn
663 1630 705 1684 del
725 1629 841 1701 capitolo
860 1629 991 1698 vigesimo
1010 1631 1127 1684 secondo
1145 1647 1200 1684 non
1219 1629 1288 1701 possi
1307 1630 1369 1703 quai
1400 1631 1421 1684 si

255 1722 343 1791 voglio
363 1737 472 1791 persono
491 1721 518 1774 di
537 1721 610 1774 detto
628 1719 742 1788 collegio
761 1717 822 1788 qual
842 1718 921 1771 hnbbi
941 1735 986 1788 per
1003 1719 1086 1789 gratia
1105 1735 1122 1772 o
1142 1735 1187 1788 per
1199 1720 1287 1789 precio
1300 1731 1422 1772 ottenuto

255 1811 349 1862 nicena
368 1809 465 1862 seruitii
485 1807 564 1861 ciuile
582 1824 600 1861 o
618 1807 755 1860 criminale
773 1807 800 1860 di
819 1806 890 1859 detta
909 1807 1084 1860 scriurndarirt
1103 1809 1230 1876 subrognr
1247 1807 1315 1861 nitro
1333 1807 1360 1860 in
1374 1825 1423 1865 stto

256 1897 316 1950 ioco
336 1915 379 1950 ma
398 1896 627 1950 inuiolabiimcnte
645 1895 667 1948 si
686 1895 786 1948 ossemi
805 1913 863 1948 esso
882 1895 997 1964 capitolo
1015 1907 1041 1950 et
1071 1913 1116 1965 per
1145 1897 1230 1950 enitar
1259 1895 1321 1949 delli
1349 1897 1422 1948 abusi

256 1985 327 2039 ch’in
346 1986 388 2038 cio
409 1985 430 2036 si
449 1984 571 2053 sogiinno
590 1982 641 2036 nile
660 1982 731 2036 volte
750 1995 887 2046 cometter,
906 1999 961 2036 non
980 1984 1001 2036 si
1030 1983 1099 2054 possi
1129 1985 1258 2038 admetter
1285 1983 1381 2036 alcuno
1408 2001 1423 2036 o

256 2073 339 2126 seruir
357 2089 402 2142 per
420 2071 478 2124 altri
500 2071 527 2124 in
546 2071 640 2124 alcuna
658 2071 758 2124 semim
777 2069 845 2124 delia
864 2071 1040 2124 scriuandario
1059 2071 1139 2124 ciuile
1157 2087 1175 2124 ο
1193 2071 1330 2126 criminale
1348 2073 1423 2125 saluo

256 2161 306 2214 che
324 2160 468 2214 inmediatc
487 2171 513 2212 et
531 2175 607 2212 senza
626 2159 782 2212 intromessa
801 2159 834 2211 de
853 2175 963 2229 persona
981 2159 1075 2212 alcuna
1094 2160 1131 2212 sin
1150 2163 1164 2212 d
1183 2177 1239 2212 essa
1257 2161 1356 2213 seruire
1382 2159 1423 2212 ei-

257 2249 321 2302 ietto
340 2261 365 2302 et
384 2249 508 2318 deputato
528 2265 573 2318 per
591 2246 680 2317 quello
699 2245 841 2316 coliegioto
859 2263 874 2298 a
892 2247 935 2300 cui
954 2263 1000 2318 per
1019 2248 1112 2301 ordine
1139 2261 1222 2318 spettc
1250 2248 1285 2301 tri
1316 2249 1423 2302 seruire.

257 2335 328 2398 Quat
348 2335 534 2390 nominatione
552 2347 577 2388 et
596 2335 732 2388 ellettione
751 2351 806 2387 sert
825 2346 918 2388 teneto
938 2347 1070 2404 precentor
1088 2353 1105 2389 o
1124 2353 1170 2406 per
1189 2337 1292 2406 proprie
1305 2337 1424 2389 scrinure

257 2425 282 2479 di
302 2424 392 2494 quello
410 2424 437 2477 di
456 2425 497 2476 cui
517 2439 563 2494 per
580 2423 674 2476 ordine
692 2425 803 2494 spetterd
822 2423 856 2476 tol
877 2423 980 2476 seruire
999 2439 1017 2477 o
1035 2441 1081 2494 per
1099 2425 1202 2494 propria
1231 2425 1424 2495 presentatione

257 2525 282 2566 et
301 2529 356 2565 non
376 2511 462 2565 aliena
481 2527 598 2581 perimo
617 2527 689 2563 mese
707 2511 797 2564 nuonti
816 2509 834 2564 il
855 2511 986 2580 principio
1005 2512 1032 2565 di
1051 2511 1087 2565 tol
1106 2513 1205 2567 seruitu
1224 2513 1251 2565 in
1280 2513 1373 2566 ordine
1400 2511 1425 2566 ai

257 2601 306 2652 che
325 2601 474 2654 mancondo
493 2615 510 2651 o
528 2599 767 2651 contrauenendosi
786 2599 824 2650 sia
843 2615 901 2651 esso
920 2598 972 2652 tale
991 2616 1006 2652 a
1025 2599 1068 2652 cui
1087 2603 1238 2670 eparteneri
1257 2617 1312 2653 essa
1325 2600 1423 2652 seruitii

257 2687 359 2740 esciuso
378 2687 411 2740 da
430 2703 493 2749 essa,
512 2686 573 2756 qual
592 2685 619 2738 in
639 2686 674 2738 tal
693 2703 754 2738 caso
772 2686 810 2738 sin
830 2687 932 2756 propria
951 2687 984 2739 de
1003 2686 1104 2740 consoli
1132 2687 1174 2741 del
1204 2687 1326 2756 collegio
1354 2687 1425 2758 quali

259 2774 283 2828 io
302 2775 409 2845 possino
428 2775 511 2826 seruir
528 2775 586 2826 loro
605 2790 622 2826 o
642 2773 680 2826 iar
698 2775 781 2827 seruir
799 2791 844 2844 per
862 2774 929 2826 altro
949 2774 1099 2843 colleginto.

293 2864 341 2916 Piri
361 2862 410 2914 che
429 2863 563 2932 sequendo
582 2860 606 2914 le
620 2861 704 2916 forme
723 2861 764 2914 del
784 2874 881 2914 §tituto
900 2861 1050 2930 trigessimo
1082 2875 1151 2916 sesto
1180 2881 1226 2933 per
1253 2863 1314 2934 qurrl
1341 2863 1363 2916 si
1393 2863 1426 2917 da

259 2951 371 3004 autoritd
390 2967 405 3002 a
423 2950 469 3020 ‚seij
490 2950 615 3018 elligendi
635 2967 681 3020 per
699 2949 717 3002 il
736 2950 851 3016 collegio
863 2951 889 3002 di
905 2951 1064 3003 essnnrinnre
1079 2968 1202 3018 cnregere
1214 2965 1240 3005 et
1253 2953 1393 3005 emendare
1408 2951 1425 3004 ii

259 3052 347 3092 statuti
366 3050 391 3090 et
410 3039 529 3090 statuimi
549 3039 582 3090 de
601 3037 664 3090 noui
684 3053 711 3090 se
730 3037 766 3104 gii
787 3039 893 3106 pinsera,
907 3037 927 3090 si
948 3038 1039 3090 ordina
1051 3049 1075 3090 et
1089 3040 1208 3091 statuisse
1218 3040 1267 3092 cire
1280 3052 1424 3110 perqucsta

259 3127 330 3179 volte
348 3137 423 3178 tanto
442 3127 469 3178 in
489 3139 578 3196 questo
599 3142 670 3178 noun
690 3125 876 3178 reformatione
896 3125 931 3178 dil
951 3125 1067 3192 collegio
1086 3128 1180 3196 posino
1200 3127 1217 3179 ii
1237 3128 1328 3180 nodari
1348 3127 1426 3180 colle

260 3215 322 3284 gintj
344 3213 483 3266 nominare
502 3214 534 3266 de
554 3214 630 3266 luoro
649 3213 732 3282 figloli
752 3213 922 3282 quantonche
941 3215 1016 3266 siano
1035 3215 1132 3266 minori
1152 3216 1230 3268 d'ctta
1250 3229 1275 3268 et
1286 3233 1340 3268 non
1351 3216 1425 3268 siano

260 3302 352 3372 nodari
373 3317 427 3354 non
447 3313 550 3354 ostante
577 3300 595 3354 ii
624 3313 722 3354 statuto
749 3299 880 3370 vigesimo
907 3301 994 3370 primo
1022 3301 1082 3372 qual
1111 3319 1156 3372 per
1186 3315 1276 3374 queste
1304 3301 1373 3356 volta
1404 3301 1426 3356 si

261 3389 391 3458 dispensa.

296 3477 345 3530 Pie
364 3476 413 3529 che
432 3476 452 3528 si
472 3477 572 3528 osserui
592 3475 609 3528 il
630 3475 744 3546 capitolo
762 3487 888 3545 quaranta
908 3493 961 3530 vno
980 3493 1026 3546 per
1045 3477 1068 3530 le
1087 3477 1251 3547 inpeditione
1269 3478 1301 3532 de
1314 3478 1425 3548 processi

262 3563 401 3618 criminali.

296 3651 345 3705 Pie
365 3651 414 3704 che
433 3651 517 3703 niuno
537 3650 679 3720 colleginto
697 3667 712 3704 o
731 3651 772 3704 cui
792 3668 838 3721 per
856 3652 949 3704 ordine
968 3653 1044 3722 sperti
1064 3651 1087 3706 lo
1107 3653 1205 3706 seruitii
1224 3653 1303 3707 ciuile
1315 3653 1427 3706 ocrimi·

263 3739 323 3792 nale
342 3755 396 3792 non
416 3739 484 3808 possi
505 3756 538 3792 ne
557 3739 640 3792 debita
659 3741 801 3806 subrogare
819 3740 916 3792 aleuno
935 3740 985 3793 alio
1004 3741 1102 3794 seruitii
1122 3743 1147 3795 di
1159 3759 1214 3794 esse
1225 3759 1258 3795 ne
1269 3741 1306 3794 sar
1315 3741 1427 3793 scriuere

261 3829 311 3882 cire
330 3844 384 3880 non
404 3827 441 3880 sia
460 3826 601 3894 collegirto
620 3839 646 3879 et
665 3827 752 3880 habile
771 3829 887 3880 secondo
906 3827 931 3880 la
950 3829 1124 3898 dispositione
1142 3830 1168 3882 di
1188 3831 1237 3882 essi
1257 3829 1345 3882 statuti
1364 3826 1427 3880 erni

262 3915 360 3968 seruitii
380 3927 404 3968 et
423 3915 466 3968 chi
485 3916 608 3984 deputem
627 3914 691 3968 altra
711 3931 821 3984 persono
840 3916 942 3968 incorra
962 3915 985 3968 la
1007 3935 1072 3986 pena
1091 3919 1117 3971 di
1137 3917 1280 3969 amissione
1298 3917 1366 3970 delle
1392 3933 1429 3970 rt·

262 4003 335 4072 gioni
356 4003 382 4056 di
402 4003 435 4056 til
455 4003 561 4064 seruile,
580 4001 640 4072 qenl
661 4003 718 4073 ipso
738 4005 794 4072 jure
812 4003 888 4072 ,sperti
908 4005 951 4056 alii
972 4005 1072 4056 consoli
1093 4021 1138 4074 per
1157 4021 1219 4058 seo
1239 4023 1283 4074 per
1303 4005 1369 4056 alni.

298 4091 347 4143 Pie
366 4090 416 4142 che
434 4107 479 4159 per
497 4091 581 4142 enitar
599 4089 664 4156 ogni
684 4091 766 4142 obeso
784 4091 804 4143 si
825 4091 885 4144 rossi
904 4091 930 4144 di
950 4109 1023 4143 nouo
1042 4105 1068 4144 et
1087 4092 1164 4144 limiti
1198 4091 1222 4145 ie
1251 4093 1363 4144 mercedi
1396 4091 1429 4144 de

263 4179 382 4232 scrirture
400 4178 471 4230 ciuili
491 4189 516 4231 et
535 4177 664 4231 criminali
684 4191 710 4232 et
724 4178 767 4231 chi
786 4177 804 4232 li
824 4193 976 4232 continuem
997 4179 1091 4232 incurri
1112 4181 1136 4232 ia
1156 4197 1222 4250 pena
1241 4180 1308 4233 della
1337 4181 1427 4250 priun-

263 4267 337 4320 tione
355 4265 380 4318 di
401 4267 484 4336 prima
503 4267 600 4318 semite
620 4265 705 4319 cheli
726 4267 811 4336 spotti,
830 4266 890 4337 qual
911 4269 967 4338 ipso
987 4269 1043 4336 jure
1063 4269 1206 4338 peruenplri
1227 4269 1270 4320 alii
1290 4269 1390 4322 consoli
1411 4285 1429 4322 o

263 4357 277 4406 d
297 4353 338 4406 citi
359 4371 413 4406 sem
434 4371 478 4424 per
496 4355 545 4406 essi
565 4355 665 4406 consoli
685 4353 783 4408 elie-tte.
