3958 5540
511 525 561 567 100

544 637 586 704 78.
605 636 672 688 Item
692 635 763 705 quod
783 651 830 705 pro
848 635 1029 704 extinguendo
1048 637 1172 690 incendio
1190 639 1223 690 de
1242 649 1320 690 nocte
1338 649 1410 690 extra
1423 635 1557 690 fortilicias
1569 635 1676 706 bugelIe

509 724 598 778 nullus
616 725 709 777 debmt
728 724 795 794 ipsas
813 723 948 778 fortilicias
966 725 1037 777 exire
1055 737 1140 794 preter
1159 726 1304 796 illosflquos
1324 726 1357 778 ad
1376 726 1428 778 hoc
1443 725 1547 778 domini
1560 736 1675 793 potestas

508 811 548 883 (r)
568 825 593 865 et
612 812 733 866 consules
751 814 873 866 duxerint
891 813 1061 866 destinandos
1080 815 1128 866 sub
1147 815 1237 867 banno
1255 815 1403 868 solidomm
1422 813 1480 866 XX.
1499 812 1674 882 papiensium

545 987 586 1042 79.
605 973 672 1024 Item
691 972 762 1041 quod
781 971 870 1024 nullus
888 989 903 1024 a
922 971 982 1025 Ioco
1000 971 1115 1040 incendij
1136 972 1169 1024 de
1187 971 1275 1025 alieno
1303 973 1395 1025 debeat
1422 970 1523 1040 aliquid
1541 981 1674 1040 asportare

509 1060 552 1114 uel
570 1059 707 1113 occultare.
727 1059 782 1111 Sub
801 1061 889 1112 banno
907 1059 1055 1112 solidomm
1074 1059 1128 1113 Lx.
1148 1060 1320 1129 papiensium.
1340 1059 1380 1130 (2)
1407 1059 1440 1112 Et
1458 1059 1525 1111 ultra
1552 1059 1604 1111 hoc
1634 1073 1675 1110 res

509 1161 652 1220 asportatas
670 1148 805 1200 restituere
823 1160 943 1200 teneatur
961 1149 1009 1218 (2).

545 1309 587 1360 8ο.
607 1308 646 1378 (3)
664 1309 731 1361 Item
751 1306 823 1377 quod
841 1305 930 1359 nullus
948 1307 1041 1358 debeat
1060 1307 1179 1358 recedere
1197 1323 1212 1357 a
1231 1305 1291 1358 loco
1309 1305 1423 1374 incendij
1444 1305 1495 1358 nisi
1514 1305 1548 1357 de
1566 1303 1675 1357 licencia

510 1395 650 1449 consulum
669 1397 717 1449 sub
737 1397 825 1447 banno
844 1393 991 1447 solidomm
1010 1393 1035 1446 V
1054 1393 1227 1462 papiensium.

535 1555 588 1608 .81.
606 1554 675 1606 Item
693 1553 764 1622 quod
783 1551 862 1604 vicini
881 1563 908 1603 et
927 1551 1049 1603 mulieres
1068 1551 1138 1602 illius
1156 1563 1289 1604 contracte
1307 1551 1334 1602 in
1354 1567 1405 1620 qua
1424 1561 1492 1603 esset
1520 1549 1674 1603 incendium

511 1653 613 1711 portare
631 1658 727 1711 aquarn
745 1641 778 1693 ad
797 1639 1007 1709 extinguandum
1026 1640 1117 1708 ignem
1136 1652 1161 1691 et
1180 1657 1253 1692 vassa
1271 1641 1416 1692 concedere
1443 1651 1590 1692 teneantur.
1619 1639 1675 1692 Sub

512 1731 601 1781 banno
620 1727 767 1781 solidorum
787 1727 819 1780 V.
839 1727 1012 1798 papiensium.

545 1871 586 1923 82.
605 1870 674 1922 Item
692 1869 764 1939 quod
783 1867 855 1922 nulla
874 1885 985 1938 persona
1003 1869 1095 1921 debeat
1114 1883 1217 1938 portare
1235 1868 1278 1922 uel
1297 1881 1387 1922 tenere
1405 1868 1499 1938 ignem
1517 1867 1559 1922 uel
1579 1869 1670 1922 lumen

511 1971 582 2012 extra
596 1959 708 2012 domum
721 1975 850 2027 cupomrn
862 1957 913 2010 nisi
926 1957 954 2009 in
967 1955 1093 2009 lante'ma.
1107 1958 1162 2010 Sub
1176 1960 1264 2010 banno
1276 1957 1423 2011 solidorum
1433 1957 1491 2010 XX.
1502 1957 1675 2028 papiensium.

546 2102 588 2169 83.
608 2103 620 2170 (
639 2102 648 2171 i
668 2101 735 2153 Item
755 2100 827 2171 quod
846 2099 934 2152 nuilus
952 2100 1046 2152 debeat
1065 2112 1153 2152 tenere
1172 2100 1288 2170 aliquam
1307 2111 1472 2168 coperturam
1491 2099 1518 2151 in
1530 2099 1615 2169 pincio
1627 2100 1676 2152 Bu·

510 2188 579 2257 gelle
596 2190 665 2241 intra
684 2187 778 2240 fossata
797 2187 847 2240 nisi
866 2188 900 2239 de
917 2188 990 2255 cupis
1009 2187 1051 2239 uel
1071 2189 1103 2239 de
1122 2189 1256 2240 assidibus.
1276 2189 1309 2240 Et
1329 2187 1374 2257 qui
1393 2186 1574 2240 contrafecerit
1589 2187 1675 2242 soluat

511 2294 558 2346 pro
577 2277 694 2346 quolibet
713 2289 738 2328 et
757 2275 872 2345 qualibet
890 2275 949 2327 uice
967 2275 1066 2327 solidos
1085 2276 1142 2328 XX.
1163 2293 1211 2328 nec
1230 2276 1311 2344 possit
1330 2274 1414 2329 lacere
1429 2277 1520 2346 ignem
1539 2276 1587 2329 sub
1605 2289 1675 2329 tecto

511 2365 543 2416 de
562 2364 637 2416 dictis
655 2364 782 2416 assidibus
801 2364 848 2415 sub
868 2364 956 2414 banno
975 2364 1099 2431 predicto.
1130 2365 1162 2415 Et
1190 2375 1309 2416 teneatur
1337 2364 1404 2417 ultra
1423 2365 1474 2417 hoc
1493 2363 1594 2417 auferre
1612 2382 1674 2434 pre-

510 2453 586 2506 dicta.
606 2453 639 2505 Et
657 2452 782 2505 dominus
801 2463 914 2521 potestas
932 2463 958 2504 et
976 2452 1097 2505 consules
1116 2464 1254 2505 tenetntur
1272 2453 1405 2523 inquirere
1417 2452 1458 2506 uel
1478 2453 1576 2522 inquiri
1591 2452 1675 2506 lacere

511 2542 550 2594 bis
569 2541 597 2594 in
616 2557 696 2596 anno.

545 2702 587 2766 84.
606 2669 674 2754 Item
693 2701 764 2771 quod
783 2701 871 2754 nullus
890 2703 983 2754 debeat
1001 2718 1099 2771 ponere
1118 2700 1217 2765 senum,
1237 2700 1330 2771 paleas,
1352 2701 1473 2764 frascbas,
1492 2719 1579 2772 neque
1591 2701 1676 2755 iacere

509 2801 638 2843 rametam
657 2788 818 2842 Iraschamm
836 2806 913 2859 super
930 2791 1054 2859 stragiam
1073 2806 1122 2842 nec
1140 2807 1217 2858 super
1235 2789 1360 2846 solarium
1379 2791 1451 2860 quod
1469 2789 1503 2843 sit
1515 2792 1675 2860 superviam

510 2877 585 2948 placij
607 2895 693 2948 neque
711 2877 791 2947 plani,
810 2879 857 2930 sub
877 2895 944 2946 pena
961 2878 1108 2930 solidorum
1127 2878 1185 2930 int.
1205 2878 1378 2947 papiensium,
1397 2879 1430 2931 Et
1459 2878 1526 2930 ultra
1553 2880 1605 2932 hoc
1623 2897 1673 2932 au-

511 2967 627 3021 terantur
645 2966 759 3035 predicta
777 2967 810 3018 Et
828 2967 953 3018 dominus
972 2977 1085 3035 potestas
1104 2978 1130 3019 et
1148 2966 1270 3019 consules
1288 2978 1427 3020 teneantur
1446 2979 1577 3037 utsupra

546 3126 588 3193 85.
607 3127 675 3179 Item
693 3127 765 3196 quod
784 3126 871 3196 aliqua
889 3143 1000 3196 persona
1019 3126 1052 3180 de
1080 3126 1185 3196 bugella
1212 3143 1268 3178 non
1287 3127 1380 3179 debeat
1404 3142 1502 3196 ponere
1520 3125 1612 3179 lenum
1631 3125 1674 3178 uei

511 3215 596 3283 paleas
615 3215 642 3265 in
661 3215 748 3284 aliqua
776 3215 859 3267 domo
877 3232 922 3283 per
950 3215 1007 3268 XV.
1027 3217 1105 3283 pedes
1135 3231 1183 3266 nec
1202 3214 1304 3283 paleare
1331 3231 1412 3282 prope
1434 3215 1547 3267 domum
1566 3216 1611 3267 ubi
1631 3213 1676 3266 frat

509 3303 579 3372 ignis
598 3320 646 3355 nec
664 3320 745 3372 prope
763 3304 833 3354 riam
853 3304 984 3371 publicam
1003 3303 1143 3354 vicinalem
1163 3303 1204 3354 uel
1225 3303 1325 3354 exitum
1345 3319 1390 3371 per
1417 3304 1509 3355 decem
1529 3304 1607 3372 pedes
1626 3321 1674 3356 nec

510 3406 599 3445 tenere
617 3392 773 3461 melegaeias
792 3391 835 3443 uel
854 3390 966 3442 lraschas
985 3392 1035 3442 nisi
1054 3403 1121 3444 esset
1140 3407 1231 3442 murus
1249 3391 1276 3442 in
1296 3391 1394 3443 medio.
1414 3392 1447 3444 Et
1466 3391 1511 3461 qui
1540 3391 1645 3444 contras
1659 3422 1673 3430 -

510 3481 574 3532 cerit
591 3479 676 3532 soluat
695 3481 813 3532 bannum
832 3479 978 3531 solidomm
997 3479 1061 3532 XX.
1081 3479 1113 3532 Et
1131 3479 1247 3532 destruat
1259 3480 1381 3549 predicta
1395 3479 1428 3533 Et
1443 3479 1546 3532 domini
1560 3491 1675 3549 potestas

510 3581 536 3620 et
555 3567 675 3620 consules
694 3579 833 3619 teneantur
851 3567 982 3636 inquirere
1001 3579 1029 3619 ut
1047 3584 1132 3637 supra.

546 3725 587 3778 86.
608 3726 674 3779 Item
693 3726 764 3795 quod
784 3727 857 3778 nulla
876 3743 987 3795 persona
1005 3739 1076 3779 stans
1094 3725 1134 3778 vel
1154 3726 1275 3779 habitans
1294 3727 1322 3778 in
1342 3726 1447 3798 bugella
1465 3729 1558 3781 debeat
1588 3726 1671 3779 Iacere

509 3830 558 3865 nec
576 3813 632 3866 lieri
651 3813 734 3866 lacere
753 3814 844 3884 ignem
863 3814 890 3866 in
909 3815 996 3884 aliqua
1015 3815 1097 3868 domo
1116 3827 1220 3885 coperta
1240 3816 1273 3868 de
1285 3815 1373 3886 paleis.
1387 3817 1420 3870 Et
1433 3816 1477 3888 qui
1494 3813 1675 3870 contrafecerit

536 4111 565 4161 (r)
581 4108 669 4148 Verbum
680 4116 760 4161 potestas
774 4113 875 4163 posterius
890 4113 985 4164 seriptum
1000 4123 1038 4152 est.

535 4183 565 4233 (ι)
580 4183 609 4231 (2)
625 4181 719 4220 Adiectio
734 4184 842 4232 posterior.

537 4254 566 4302 (3)
583 4250 646 4303 Super
660 4249 710 4302 Cap.
726 4250 802 4289 lineola
816 4252 876 4289 ducta
890 4261 928 4298 est,
944 4253 1001 4303 quasi
1017 4251 1146 4292 obliteratum
1162 4253 1242 4294 fuisset.

539 4322 567 4372 (4,
582 4321 628 4360 IIoc
643 4329 662 4359 et
677 4333 728 4374 quae
743 4320 894 4374 subsequuntur
908 4322 995 4375 capitula
1010 4324 1111 4376 posterius
1126 4325 1201 4364 additu.
