3926 5542
1383 507 1430 566 ¹95

301 632 325 671 a.
345 617 412 671 Item
430 617 585 672 Statuerunt
602 627 629 670 et
637 617 835 671 ordinauerunt
846 615 929 680 Quod
942 615 964 670 si
976 615 1036 687 quis
1054 615 1179 670 Notarius
1185 615 1278 686 Iudex,
1288 615 1434 672 causidicus

266 704 308 758 vel
327 710 480 776 procurator
497 720 543 758 sen
562 703 682 758 officialis
700 704 774 758 istius
785 702 899 773 Cellegij
914 719 960 773 per
978 702 1125 774 nequitiam
1138 715 1184 758 aut
1195 703 1289 758 odium
1302 703 1380 758 luerit
1392 721 1435 776 ap-

265 793 376 863 pellatus
394 792 479 846 dictus
489 793 532 846 uel
544 791 736 864 calompniatus
748 790 828 846 salsus
840 791 883 845 ud
896 790 1015 844 fabatius
1027 807 1122 845 omnes
1134 791 1167 846 de
1180 790 1303 862 Collegio
1317 793 1434 862 predicto

265 891 291 934 et
300 879 415 934 uniuersi
428 891 492 933 tunc
504 879 586 934 istum
598 879 779 950 calupniatum
792 880 904 932 debeant
916 890 943 931 et
955 891 1096 932 teneantur
1106 879 1209 934 realiter
1221 891 1247 934 et
1260 879 1434 950 personaliter

265 967 447 1038 potentissime
465 968 557 1022 iuuare
574 966 716 1022 defendere
728 967 875 1022 substinere
886 979 913 1020 et
925 967 1074 1021 manunere
1085 967 1114 1021 in
1126 969 1309 1022 securitatibus
1327 981 1354 1022 et
1367 985 1432 1023 cau·

264 1055 382 1110 tionibus
400 1056 532 1126 prestandi
550 1067 577 1109 et
594 1054 689 1109 fiendis
702 1071 749 1126 pro
761 1055 819 1126 ipso
832 1053 1012 1125 calumpniato
1025 1054 1068 1110 uel
1082 1055 1212 1110 blasmato
1224 1067 1250 1110 et
1269 1055 1296 1109 in
1309 1057 1432 1126 expensis

264 1159 330 1216 quas
347 1155 500 1214 supportare
517 1159 573 1198 ooo
601 1155 688 1214 posset
706 1159 754 1212 pro
778 1155 834 1196 rata
860 1159 1033 1212 personamm
1059 1155 1085 1196 et
1113 1141 1268 1198 innuamus
1293 1143 1434 1200 cuiuslibet

265 1231 316 1286 nisi
335 1243 440 1286 mutum
458 1231 492 1286 de
509 1231 567 1285 iure
585 1229 653 1286 leret
670 1231 824 1302 reprobatus
841 1243 868 1286 et
886 1231 1017 1302 cogniuas

302 1387 325 1442 3.
344 1371 412 1426 Item
430 1371 585 1426 Statueruut
602 1382 629 1425 et
645 1371 845 1426 ordinaueruut
865 1369 949 1436 Quod
968 1371 1058 1426 omnis
1076 1372 1109 1425 de
1128 1370 1251 1444 Collegio
1270 1371 1316 1444 qui
1329 1371 1435 1426 nouerit

265 1459 308 1514 uel
326 1459 432 1514 sciuerit
450 1459 567 1531 aliquem
585 1459 733 1514 hereticum
762 1475 887 1530 gazarum
915 1459 958 1515 uel
987 1471 1119 1514 errantem
1137 1477 1153 1514 a
1171 1459 1223 1514 fide
1250 1459 1369 1516 Catolica
1387 1477 1434 1514 seu

264 1547 331 1602 alios
340 1549 526 1614 diuertentem,
538 1563 601 1602 cum
619 1547 672 1602 cito
685 1547 781 1618 poterit
794 1547 930 1602 nunciabit
942 1560 969 1601 et
981 1547 1159 1602 manifestabit
1177 1548 1289 1602 domino
1303 1547 1434 1620 Episcopo

264 1635 424 1690 vercellensi
443 1635 487 1689 uel
506 1633 639 1706 Capitulo,
658 1634 770 1705 quodsi
789 1634 914 1690 celauerit
932 1634 1018 1689 soluat
1037 1636 1156 1690 bannum
1175 1635 1223 1690 sol
1242 1635 1300 1690 XX.
1320 1653 1362 1708 pp.

291 1771 316 1824 4.
326 1757 393 1812 Item
402 1757 557 1812 Stamerunt
565 1767 592 1810 et
600 1757 797 1812 ordinauemnt
809 1757 891 1819 Quod
899 1773 995 1812 omnes
1004 1769 1030 1812 et
1039 1757 1138 1826 singttli
1147 1757 1181 1812 de
1188 1757 1312 1830 Collegio
1322 1758 1435 1816 debeant

264 1858 291 1899 et
308 1857 428 1900 teneatur
445 1861 491 1915 per
509 1855 704 1898 sacramentum
723 1843 837 1916 Collegij
859 1845 948 1916 primo
965 1845 1064 1898 iactum
1075 1845 1256 1900 darelorciam
1269 1857 1296 1900 et
1306 1847 1435 1917 juuamen

264 1935 327 2006 ipsis
347 1933 509 1988 Consulibus
526 1932 560 1986 de
577 1932 777 1986 manutenendo
796 1935 869 1988 bono
887 1945 955 1988 statu
968 1945 994 1988 et
1007 1933 1212 1988 melioramento
1228 1934 1299 1988 illius
1309 1933 1433 2006 Collegij.

304 2073 326 2127 5.
345 2057 412 2112 Item
430 2057 584 2112 Stauremnt
602 2069 629 2112 et
646 2055 844 2114 ordinaueruut
864 2057 946 2120 Quod
962 2057 1073 2129 quilibet
1098 2056 1183 2127 Iudex
1203 2069 1229 2112 et
1247 2057 1372 2112 Notarius
1390 2069 1433 2110 te-

265 2157 378 2200 neantur
395 2147 482 2216 jurare
499 2145 571 2216 quod
590 2145 738 2218 aliqualiter
756 2162 812 2200 non
831 2145 936 2198 docebit
954 2145 1070 2216 aliquem
1090 2163 1122 2198 ex
1135 2161 1189 2214 quo
1202 2145 1284 2215 possit
1297 2161 1312 2198 a
1327 2145 1435 2198 veritate

264 2233 371 2288 deniare
388 2233 469 2286 enam
488 2233 510 2286 si
529 2235 706 2305 patrocinium
724 2250 780 2288 non
799 2233 958 2304 prestitisset
978 2233 1051 2288 Etsi
1079 2231 1261 2286 contrafecerit
1290 2233 1348 2304 ipso
1366 2230 1435 2286 lacto

267 2321 300 2375 sit
318 2321 436 2392 priuatus
453 2322 487 2376 ab
504 2323 580 2376 omni
599 2323 716 2376 comodo
734 2333 760 2376 et
778 2321 881 2374 honore
900 2320 1015 2392 Collegij
1035 2321 1168 2374 antedicti.

299 2442 325 2498 6.
345 2443 413 2498 item
431 2443 586 2498 Statuerunt
603 2455 630 2498 et
647 2444 845 2498 ordinauerunt.
865 2443 947 2506 Quod
975 2441 1086 2514 quilibet
1113 2441 1239 2496 Notarius
1256 2453 1377 2498 teneatur
1395 2443 1433 2496 ire

264 2532 297 2585 ad
316 2532 471 2586 citationem
490 2531 641 2587 Consulum
659 2548 706 2586 seu
725 2531 851 2586 Consulis
869 2531 943 2584 istim
962 2531 1078 2601 paratici,
1092 2530 1135 2585 uel
1155 2547 1249 2584 eorum
1261 2531 1351 2602 nuncij
1366 2531 1433 2586 Etsi

265 2635 320 2673 uon
339 2620 418 2674 iuerit
436 2619 478 2673 uel
498 2637 553 2674 non
574 2620 683 2684 uenerit,
701 2621 769 2673 sicut
787 2631 939 2690 preceptum
959 2618 1037 2672 suerit
1056 2619 1100 2672 det
1118 2619 1152 2672 de
1171 2619 1260 2673 banno
1279 2635 1326 2690 pro
1345 2619 1433 2690 quali-

266 2707 329 2761 libet
347 2707 404 2761 vice
422 2705 470 2761 sol.
490 2706 522 2760 V.
542 2723 584 2778 pp.
603 2707 653 2762 nisi
674 2707 816 2778 impeditus
835 2705 912 2760 fuerit
925 2724 973 2778 pro
986 2707 1096 2776 negotio
1110 2707 1233 2760 comunis
1245 2706 1285 2760 vel
1297 2707 1346 2760 nisi
1358 2705 1435 2760 luerit

266 2793 387 2848 infirmus
406 2795 448 2847 uel
469 2795 620 2864 potionatus
639 2794 682 2848 uel
701 2795 733 2848 ad
752 2795 876 2865 exequias
895 2807 1062 2848 mortuorunt
1082 2793 1122 2848 vel
1142 2795 1174 2847 ad
1194 2795 1389 2848 vissitationenr
1408 2812 1433 2847 a·

267 2881 361 2936 licuius
380 2881 478 2934 infirmi
498 2881 539 2936 uel
558 2881 609 2934 alia
629 2884 696 2952 justa
715 2899 792 2936 causa
811 2883 961 2952 impeditus,
980 2882 1013 2935 de
1032 2881 1127 2952 quibus
1146 2882 1230 2934 causis
1259 2879 1338 2936 fidem
1358 2881 1434 2936 saciat

268 2985 313 3039 per
331 2969 510 3023 iuramentum
528 2967 631 3034 saltem,
650 2967 690 3020 vel
711 2969 772 3022 inde
791 2969 939 3040 preueniret
958 2967 1075 3032 licencia,
1094 2985 1109 3022 a
1128 2967 1246 3022 Consule
1274 2969 1379 3038 paratici
1400 2970 1433 3023 Et

267 3057 398 3112 Consules
416 3068 555 3110 tureanuu
573 3073 618 3126 per
635 3069 830 3110 sacramentum
849 3069 970 3110 excutere
1000 3057 1070 3110 dicta
1089 3057 1175 3110 banna
1194 3055 1260 3109 inira
1289 3069 1351 3110 octo
1369 3057 1432 3110 dies.

303 3211 327 3264 7.
346 3195 413 3250 item
432 3197 586 3250 Statuemnt
604 3207 630 3250 et
658 3195 855 3250 ordinauerunt
884 3195 966 3260 Quod
994 3195 1125 3250 Consules
1154 3195 1233 3250 huius
1252 3197 1357 3267 paratici
1376 3197 1433 3249 siue

268 3284 381 3355 Collegij
402 3297 428 3338 et
445 3283 556 3355 quilibet
574 3301 667 3337 eorum
687 3285 788 3354 possint
805 3297 831 3338 et
850 3285 887 3338 eis
915 3284 992 3338 liceat
1019 3285 1157 3354 imponere
1188 3301 1283 3354 penam
1302 3297 1329 3338 et
1347 3286 1433 3338 banna

268 3373 400 3444 usquead
420 3372 593 3443 quantitatem
612 3371 660 3426 sol.
679 3373 727 3426 XL
746 3375 814 3442 juste
833 3385 860 3426 et
879 3372 1076 3436 rationabiliter,
1094 3371 1202 3426 cuilibet
1224 3372 1298 3426 istius
1326 3373 1430 3444 paratici

267 3457 324 3514 siue
341 3459 456 3532 Collegij
476 3475 524 3530 pro
543 3461 709 3515 attendendis
727 3472 754 3513 et
772 3461 944 3514 obsenundis
962 3459 1088 3530 preceptis
1106 3471 1132 3512 et
1145 3471 1267 3530 precepto
1279 3475 1331 3530 que
1344 3459 1434 3514 iecerit

267 3545 310 3602 uel
329 3548 401 3620 quod
419 3547 508 3602 lecerit
527 3547 605 3602 alicui
624 3548 657 3602 de
676 3549 733 3618 ipso
751 3549 867 3618 paratico
885 3549 942 3602 siue
969 3547 1093 3618 Collegio
1125 3558 1245 3618 tempore
1273 3547 1434 3602 Consulatus

267 3636 308 3690 sui
326 3651 374 3706 pto
392 3635 496 3690 honore
514 3647 540 3690 et
558 3649 627 3692 statu
645 3636 719 3690 istius
738 3637 843 3707 mmtici
863 3637 920 3690 siue
938 3636 1052 3704 collegii.
1073 3635 1111 3688 ita
1129 3636 1202 3706 quod
1220 3635 1330 3706 quilibet
1340 3637 1373 3690 de
1382 3636 1434 3690 isto

267 3724 383 3796 paratico
401 3723 458 3778 siue
476 3723 609 3794 Collegio,
627 3741 666 3788 ea,
685 3725 820 3778 attendere
837 3737 863 3777 et
882 3726 1021 3778 obseruare
1039 3735 1166 3776 teneatur.
1185 3725 1240 3778 Sub
1259 3724 1352 3777 eadem
1367 3741 1433 3794 pena

268 3823 295 3866 et
313 3813 402 3866 baotm
420 3811 459 3866 lta
477 3823 567 3866 tamen
585 3812 657 3882 quod
677 3811 746 3865 istud
765 3814 883 3866 bannum
902 3827 957 3864 non
981 3812 1144 3878 intelligatur
1170 3811 1198 3864 in
1217 3811 1275 3880 alijs
1305 3811 1434 3881 Capitulis

267 3901 296 3954 in
314 3900 418 3971 quibus,
436 3911 476 3954 est
493 3911 594 3953 eertum
613 3899 771 3970 appositum
791 3899 873 3954 Saluo
891 3911 980 3952 tameo
1000 3899 1112 3962 honore,
1132 3897 1303 3952 illustrissimi
1327 3897 1431 3952 domini

269 3987 351 4043 Ducis
369 3986 488 4058 prelibati
507 3999 533 4041 et
551 3986 683 4041 &munis
702 3987 819 4058 Rogelle

302 4111 328 4164 8.
347 4110 414 4164 item
433 4111 586 4164 Statuemnt
604 4121 631 4164 et
648 4109 846 4162 ordinauerunt.
866 4107 948 4170 Quod
976 4107 1106 4162 Consules
1135 4105 1210 4160 istius
1238 4107 1343 4176 paratici
1378 4107 1435 4162 siue

268 4197 382 4268 Collegij
403 4211 542 4251 teneantur
559 4197 665 4267 exigere
683 4209 709 4250 et
721 4209 842 4250 excutere
855 4213 899 4266 per
913 4213 940 4250 se
953 4195 995 4250 uel
1010 4211 1104 4248 eorum
1118 4195 1236 4248 Nuntios
1246 4195 1338 4250 omnia
1348 4195 1435 4250 banna

267 4303 352 4340 enum
370 4285 413 4338 uel
433 4286 505 4356 plura
524 4285 581 4338 siue
599 4301 680 4356 penas
698 4283 725 4338 in
744 4285 840 4356 quibus
858 4283 971 4356 Aliquis,
983 4284 1017 4338 de
1035 4283 1086 4338 isto
1105 4283 1219 4356 paratico
1237 4283 1295 4338 siue
1310 4283 1433 4356 Collegio
