3958 5540
516 467 565 540 136

508 591 572 646 dicti
591 591 714 645 comunis
731 590 819 646 saltim
838 607 889 644 vna
907 589 964 644 vice
981 588 1093 660 siugulis
1104 589 1247 644 mensibus
1260 589 1289 642 Si
1302 590 1334 643 ab
1346 589 1409 660 Ipsis
1419 587 1537 642 dominis
1548 587 1675 641 Clauario

508 692 535 733 et
553 679 715 734 Consulibus
733 679 811 734 fuerit
829 680 968 750 requisitus
986 677 1116 732 familiam
1134 694 1218 748 equos
1235 690 1262 731 et
1279 677 1343 730 alias
1362 676 1527 731 munitiones
1545 693 1606 728 suas
1623 675 1674 729 sibi

507 769 535 821 in
555 768 626 822 dicto
645 768 730 822 offitio
748 769 906 822 necessarias
923 767 957 820 Et
975 767 1028 820 hoc
1045 767 1094 820 sub
1113 783 1181 836 pena
1198 767 1240 820 sui
1258 765 1344 836 salarij
1364 765 1436 836 quod
1455 765 1579 818 salanum
1598 763 1674 816 idam

506 855 633 909 dominus
652 855 790 910 Clanarius
807 873 857 909 nec
875 855 1025 910 comunitas
1044 853 1149 924 bugelle
1167 851 1262 907 Eidam
1281 853 1403 924 potestati
1432 852 1537 906 soluere
1555 868 1610 904 non
1629 863 1673 904 te-

506 957 619 998 neantur
636 945 717 998 etiam
735 945 757 998 si
776 944 803 998 in
822 945 899 998 dictis
917 941 1017 998 hmilia
1035 943 1109 1014 equis
1127 955 1154 997 et
1172 941 1324 996 munitione
1341 941 1382 994 vel
1401 942 1429 994 in
1443 940 1533 1011 aliquo
1547 941 1675 1010 predicto-

432 1047 436 1056 ’
507 1049 566 1086 rum
586 1033 663 1088 Idam
682 1045 796 1104 potestas
814 1032 943 1086 deficeret

540 1173 557 1227 6
562 1190 583 1241 5.
598 1173 663 1226 Item
676 1174 748 1243 quod
761 1174 846 1227 dictus
858 1173 983 1226 dominus
995 1171 1114 1226 Potestas
1125 1187 1171 1226 seu
1184 1171 1280 1244 aliquis
1292 1171 1325 1226 de
1339 1169 1438 1226 familia
1450 1187 1497 1224 sua
1508 1187 1563 1224 non
1573 1169 1675 1240 possint

505 1278 555 1315 nec
573 1262 685 1314 debeant
703 1262 828 1314 interesse
846 1260 925 1314 alicui
943 1259 1079 1313 credentie
1097 1260 1224 1313 conscilio
1243 1276 1289 1312 seu
1307 1259 1495 1312 conuocatioui
1514 1275 1566 1329 que
1584 1257 1674 1328 aliquo

506 1363 625 1419 tempore
643 1349 699 1400 fieri
717 1348 878 1417 contingerit
896 1349 929 1400 de
947 1348 1074 1400 mandato
1092 1359 1155 1400 tunc
1168 1349 1340 1400 dominorum
1354 1346 1469 1416 Clauarij
1484 1358 1510 1400 et
1523 1345 1672 1400 Consulum

506 1437 568 1490 dicti
586 1437 709 1490 comunis
727 1437 871 1488 occaxione
889 1435 1005 1505 eligendi
1024 1447 1181 1504 potestatem
1199 1435 1248 1488 sibi
1267 1451 1448 1488 successurum
1460 1433 1488 1486 in
1502 1434 1573 1487 dicto
1588 1433 1674 1486 offitio

505 1524 652 1595 potestarie.
671 1524 739 1576 Item
758 1524 902 1576 occaxione
931 1523 1089 1592 prouidendi
1118 1523 1151 1575 de
1169 1521 1238 1574 dicta
1266 1521 1404 1575 electione.
1432 1521 1500 1574 Item
1528 1521 1672 1574 occaxione

505 1611 662 1683 prouidendi
681 1611 714 1664 de
732 1627 827 1664 eorum
845 1611 975 1664 sindicatu
993 1622 1020 1662 et
1037 1610 1176 1679 regimine,
1195 1609 1263 1662 Item
1283 1609 1334 1662 alia
1352 1609 1446 1680 quauis
1468 1608 1613 1662 occasione
1629 1609 1674 1661 vbi

505 1700 534 1752 in
552 1698 641 1769 aliqua
670 1699 865 1752 conuocatione
892 1698 992 1768 aliquid
1019 1708 1144 1750 tractetur
1161 1697 1195 1750 de
1213 1695 1287 1750 fretis
1308 1696 1420 1766 proprijs
1438 1695 1520 1766 Ipsius
1538 1695 1673 1766 potestatis

504 1799 550 1840 aut
568 1786 678 1840 alicuius
696 1787 729 1839 de
747 1785 847 1840 familia
865 1803 920 1850 sua,
939 1786 1002 1839 Non
1021 1784 1188 1838 intendentes
1206 1797 1297 1838 tamen
1315 1795 1421 1854 propter
1439 1784 1493 1838 hoc
1509 1784 1539 1837 iu
1558 1784 1617 1854 alijs
1634 1799 1676 1836 ca·

504 1876 576 1928 sibus
587 1875 714 1944 derogare
732 1874 863 1944 aliquibus
882 1872 1028 1943 priuilegijs
1046 1884 1073 1925 et
1091 1872 1206 1942 antiquis
1224 1871 1460 1926 consuetudinibus
1477 1871 1541 1925 dicti
1553 1871 1675 1925 comunis

504 1963 549 2015 sed
568 1963 656 2032 potius
673 1963 812 2031 adaugere.

539 2085 582 2138 66.
601 2085 668 2137 Item
687 2084 759 2154 quod
778 2096 892 2153 potestas
911 2083 1023 2136 vicarius
1041 2100 1087 2136 seu
1100 2083 1195 2154 aliquis
1207 2085 1240 2138 de
1254 2084 1353 2138 familia
1369 2101 1417 2138 sua
1429 2101 1484 2137 nou
1499 2083 1600 2154 possint
1612 2081 1674 2154 eligi

505 2189 553 2225 nec
572 2171 722 2224 confirmari
741 2187 787 2224 seu
806 2172 950 2241 dispensari
969 2171 996 2222 in
1016 2170 1105 2241 aliquo
1124 2171 1213 2226 officio
1232 2185 1323 2226 contra
1343 2171 1456 2226 formam
1471 2185 1631 2225 statutorum
1649 2185 1674 2226 et

504 2262 752 2314 ordinamentorum
772 2259 834 2311 dicti
853 2259 976 2311 comunis
995 2259 1045 2310 nisi
1065 2260 1227 2328 presentibus
1245 2273 1272 2314 et
1290 2261 1516 2314 consentientibus
1548 2259 1675 2312 omuibus

505 2347 659 2400 homiuibus
677 2347 746 2400 dicte
764 2347 897 2399 credentie
915 2359 941 2399 et
959 2347 1086 2398 omuibus
1105 2347 1223 2401 dominis
1234 2349 1374 2402 cuiuslibet
1387 2366 1481 2401 eorum
1496 2349 1593 2402 domus
1611 2347 1674 2400 dicti

504 2435 556 2489 loci
574 2437 633 2489 siue
651 2433 888 2506 patribusfamilias.
907 2437 941 2490 Et
959 2439 982 2492 si
1000 2437 1191 2493 contrafactum
1210 2435 1287 2491 fuerit
1305 2437 1364 2491 talis
1382 2437 1477 2492 electio
1505 2435 1674 2491 confirmatio

506 2541 554 2578 seu
572 2524 733 2596 dispensatio
751 2524 785 2577 sit
803 2524 884 2578 nulla

538 2665 582 2734 67.
601 2666 669 2719 Item
687 2665 759 2736 quod
773 2664 911 2719 Cluuarius
924 2679 950 2720 et
962 2666 1094 2721 Consules
1107 2668 1169 2721 dicti
1182 2668 1305 2721 comunis
1321 2685 1367 2720 seu
1381 2668 1432 2721 alia
1445 2667 1551 2739 queuis
1564 2681 1674 2738 persona

504 2756 537 2808 de
556 2753 661 2824 bugella
680 2770 734 2806 non
754 2754 835 2823 possit
854 2770 1002 2824 proponere
1020 2773 1068 2808 nec
1086 2755 1224 2809 consulere
1242 2757 1270 2808 in
1289 2755 1377 2825 aliqua
1396 2757 1592 2809 conuocatioue
1610 2755 1673 2808 dicti

504 2843 627 2896 comunis
645 2841 716 2911 quod
735 2853 826 2894 contra
845 2840 960 2895 formam
978 2855 1137 2897 statutorum
1166 2845 1229 2897 dicti
1255 2845 1378 2897 comunis
1400 2843 1445 2898 fiat
1469 2843 1556 2915 aliqua
1575 2843 1670 2896 electio

503 2947 550 2984 seu
568 2929 728 2998 dispensatio
746 2945 791 2982 seu
810 2929 910 3000 aliquid
929 2930 1000 2984 aliud
1019 2931 1115 3000 quouis
1133 2931 1217 2984 modo
1236 2931 1278 2984 uel
1292 2931 1403 3002 ingenio
1424 2949 1474 2985 nec
1497 2931 1600 2984 uolenti
1614 2947 1676 2984 cou-

504 3016 628 3072 trafacere
646 3018 795 3070 consentire
812 3019 861 3071 sub
889 3035 956 3088 pem
974 3018 1137 3072 florenorum
1165 3019 1252 3073 XXV.
1280 3021 1453 3090 januinorum
1480 3037 1528 3090 pro
1556 3019 1675 3090 quolibet

504 3107 629 3162 Clnuario
647 3117 674 3158 et
691 3105 855 3159 florenorum
874 3106 907 3159 rt
926 3123 974 3177 pro
994 3107 1112 3177 quolibet
1130 3107 1240 3160 consule
1258 3119 1284 3160 et
1298 3106 1483 3161 CredentiarIo
1497 3124 1545 3178 pro
1558 3108 1674 3178 qualibet

504 3196 561 3248 vice
579 3195 650 3247 dicto
669 3194 780 3248 comuni
799 3193 953 3264 applicanda
972 3195 1005 3248 Et
1017 3194 1124 3248 ulterius
1138 3195 1354 3250 contrafacientes
1366 3209 1393 3249 et
1404 3195 1601 3250 contrafacienti
1614 3211 1677 3250 con-

505 3283 621 3336 sentiens
640 3282 764 3352 predictis
783 3282 885 3335 statutis
898 3284 974 3337 cadat
985 3281 1013 3336 in
1026 3299 1123 3352 penam
1136 3284 1240 3354 periurij
1254 3296 1281 3337 et
1293 3282 1403 3337 iufamie
1415 3284 1451 3338 ita
1463 3285 1536 3356 quod
1547 3285 1580 3338 ab
1590 3284 1677 3338 omni·

509 3371 558 3424 bus
576 3371 724 3424 honoribus
742 3381 769 3422 et
786 3369 941 3424 vtilitatibus
960 3371 1023 3424 dIcti
1041 3371 1164 3425 comunis
1181 3371 1298 3425 totaliter
1314 3373 1349 3426 sit
1375 3373 1508 3426 exclussus
1534 3374 1592 3443 ipso
1610 3375 1675 3444 jure

544 3511 587 3564 68.
606 3511 673 3563 Item
693 3510 801 3580 predicti
833 3511 937 3563 domini
964 3524 1078 3581 potestas
1105 3512 1216 3565 vicarius
1234 3525 1260 3566 et
1287 3512 1467 3567 Collecteralis
1492 3525 1633 3568 teneantur
1650 3526 1677 3567 et

505 3601 622 3653 debeant
641 3600 674 3651 ad
692 3611 781 3651 sancta
808 3599 851 3650 dei
879 3600 1017 3669 euangelia
1046 3602 1132 3668 jurare
1150 3603 1222 3670 quod
1252 3601 1322 3654 dicta
1340 3615 1435 3655 statuta
1454 3603 1633 3656 obsemabunt
1650 3615 1676 3654 et

506 3687 640 3740 obseruari
658 3685 754 3739 facient
771 3703 818 3756 pro
836 3701 913 3755 posse
922 3699 948 3740 et
959 3688 1031 3756 quod
1050 3704 1187 3758 nunquam
1201 3689 1348 3742 tractabunt
1361 3691 1433 3760 quod
1446 3691 1479 3742 de
1491 3691 1553 3760 ipsis
1565 3705 1611 3743 seu
1625 3689 1675 3743 alia

505 3792 616 3846 persona
634 3773 680 3828 fiat
697 3774 785 3845 aliqua
804 3773 899 3827 electio
917 3791 964 3828 seu
995 3775 1157 3846 dispensatio
1184 3789 1229 3831 aut
1258 3777 1426 3830 confirmatio
1454 3779 1481 3831 In
1500 3778 1572 3832 dicto
1590 3777 1676 3833 offitio

505 3873 599 3916 contra
618 3863 737 3932 Ipsorum
756 3873 915 3916 statutorum
934 3861 1048 3917 formam
1067 3875 1093 3918 et
1110 3876 1240 3918 tenorem

542 3999 584 4071 69.
603 4001 672 4054 Item
690 4003 762 4072 quod
781 4003 890 4073 predicti
909 4003 1013 4058 domini
1031 4015 1145 4073 potestas
1162 4005 1274 4058 vicarius
1292 4004 1472 4059 Collecteralis
1490 4018 1517 4059 et
1535 4022 1630 4060 omnes
1642 4007 1676 4059 de

506 4087 608 4142 familia
627 4089 708 4158 ipsius
726 4091 830 4144 domini
850 4092 986 4161 potestatis
1003 4093 1089 4146 iurare
1106 4104 1247 4146 teneantur
1273 4094 1345 4164 quod
1373 4093 1449 4148 finito
1476 4111 1570 4148 eorum
1589 4093 1675 4148 offitio

507 4177 662 4248 quindecim
681 4179 773 4232 diebus
785 4192 844 4248 post
857 4179 939 4232 finem
952 4197 1045 4233 eorum
1058 4180 1138 4252 officij
1153 4181 1243 4234 statim
1254 4194 1281 4235 et
1292 4181 1350 4235 sine
1363 4181 1504 4236 interuallo
1517 4183 1675 4236 inchoandis

506 4266 612 4320 stabunt
620 4266 652 4318 ad
662 4266 827 4320 Sindicttum
837 4267 919 4337 ipsius
928 4269 1050 4322 comunis
1059 4271 1132 4339 juxta
1142 4267 1257 4324 formam
1274 4283 1433 4324 statutorum
1445 4271 1527 4342 Ipsius
1540 4271 1670 4326 comunis

1757 3417 1779 3496 t
