3958 5540
552 503 602 558 128

548 647 599 714 34.
623 627 673 694 De
687 623 894 714 petitionibus
909 623 1095 712 dampnosis
1110 623 1195 691 dicte
1211 625 1415 692 comunitatis
1427 646 1496 692 non
1510 625 1710 714 recipiendis.

581 733 644 785 Non
662 732 745 802 possit
762 747 811 784 nec
828 731 922 784 debent
940 743 1054 800 potestas
1072 731 1141 784 dicte
1159 729 1339 785 Comunitatis
1356 729 1472 800 recipere
1500 747 1548 784 sen
1566 747 1665 802 ponere
1683 731 1711 784 in

546 819 673 874 conscilio
692 819 735 874 uel
754 819 885 873 credentia
903 819 973 872 dicte
990 817 1161 872 comunitatis
1179 817 1295 888 aliquam
1308 819 1464 888 petitionem
1477 819 1660 874 continentem
1678 821 1712 872 de

546 908 720 978 expendendo
738 907 914 960 diminuendo
932 906 1117 976 prolongando
1135 905 1179 958 uel
1198 905 1359 960 remittendo
1377 923 1421 958 ere
1438 906 1508 959 dicte
1520 907 1653 960 Comanis
1669 907 1711 960 vel

546 996 662 1067 aliquam
681 995 950 1064 condempnationem
969 1011 1015 1047 seu
1034 995 1153 1047 bannum
1171 994 1215 1047 uel
1233 994 1297 1064 quid
1323 993 1419 1057 simile,
1446 995 1625 1065 dampnosum
1642 995 1711 1048 dicte

546 1084 721 1148 Comunitati,
740 1083 795 1136 Sub
813 1099 881 1153 pena
899 1082 932 1146 X,
950 1081 1076 1135 librarum
1095 1081 1216 1152 potestati
1235 1082 1257 1134 si
1278 1097 1369 1152 passus
1384 1080 1462 1138 fuerit
1472 1082 1587 1153 recipere
1600 1082 1642 1137 uel
1655 1099 1711 1154 pro·

546 1188 645 1242 ponere
662 1172 750 1242 aliqua
768 1187 800 1222 ex
819 1170 948 1240 predictis.

549 1349 599 1417 35.
612 1329 662 1396 De
677 1326 900 1417 consignando
915 1349 973 1416 per
986 1343 1178 1415 potestatem
1194 1329 1304 1395 omnia
1319 1349 1381 1417 que
1397 1329 1518 1417 recepit
1529 1352 1547 1396 a
1558 1328 1710 1397 Comuni.

581 1436 648 1489 ltem
666 1435 823 1488 ordinarunt
849 1435 921 1504 quod
947 1433 1024 1487 finito
1051 1432 1142 1486 officio
1168 1445 1282 1504 potestas
1309 1435 1450 1489 successori
1469 1451 1518 1488 suo
1537 1435 1662 1490 Clauario
1685 1447 1711 1489 et

546 1522 708 1576 Consulibus
725 1539 771 1591 per
789 1521 925 1592 publicum
943 1522 1150 1574 instrumentum
1169 1521 1326 1591 consignare
1344 1523 1437 1575 debent
1461 1523 1558 1576 Claues
1576 1535 1710 1593 portarum

546 1622 573 1663 et
590 1625 684 1662 omnes
702 1625 743 1663 res
761 1621 787 1663 et
805 1609 925 1663 utensilia
943 1625 995 1680 que
1013 1609 1106 1663 habuit
1124 1620 1182 1661 toto
1200 1619 1320 1679 tempore
1337 1610 1378 1662 sui
1397 1609 1486 1680 officii.
1499 1610 1533 1664 Et
1545 1611 1567 1664 si
1579 1627 1631 1682 qua
1649 1623 1711 1664 sunt

546 1698 680 1767 deperdita
698 1709 760 1751 ante
777 1696 884 1750 finitum
902 1698 1068 1751 sindicatum'
1080 1698 1212 1750 emendet

549 1876 599 1962 36.
624 1873 724 1953 Quod
747 1872 873 1941 debitor
895 1873 1054 1942 Comunis
1077 1875 1180 1961 possit
1203 1871 1411 1961 personaliter
1434 1872 1579 1941 detineri.

580 1980 649 2033 Item
667 1993 813 2034 statuerunt
831 1982 902 2051 quod
921 1997 1015 2034 omnes
1034 1980 1165 2034 debitores
1181 1979 1313 2033 Comunis
1325 1991 1381 2032 tam
1393 1991 1525 2050 presentes
1537 1995 1618 2051 quam
1630 1979 1710 2032 futuri

546 2070 647 2140 possint
665 2069 836 2139 personaliter
853 2070 965 2122 detineri
983 2070 1015 2122 ad
1035 2068 1191 2138 petitionem
1210 2067 1326 2138 Clauurij
1346 2079 1373 2121 et
1391 2066 1544 2132 consulum,
1556 2066 1589 2120 Et
1601 2067 1656 2138 pari
1675 2084 1712 2120 ra-

545 2158 620 2210 tione
637 2156 670 2209 ad
689 2157 849 2226 peticionem
868 2173 975 2209 causam
994 2157 1115 2209 habentis
1133 2173 1149 2208 a
1167 2155 1295 2209 Comuni.

434 2307 438 2314 ’
548 2337 598 2405 37.
622 2316 672 2383 De
695 2315 873 2402 juramento
897 2311 1070 2401 prestando
1095 2334 1151 2400 per
1173 2313 1384 2380 stacionerios
1407 2329 1440 2380 et
1473 2313 1650 2382 vendentes
1673 2313 1711 2381 ad

589 2439 761 2488 minutum.

580 2531 649 2582 Item
667 2538 814 2580 statuerunt
831 2527 902 2597 quod
921 2537 1035 2595 potestas
1053 2537 1173 2578 tenentur
1190 2537 1252 2578 ante
1269 2537 1392 2579 octauam
1406 2525 1478 2580 diem
1491 2538 1550 2596 post
1562 2527 1710 2596 ingressum

545 2617 587 2670 sui
604 2615 684 2684 officij
705 2613 864 2683 compellere
882 2613 915 2666 td
943 2613 1086 2682 jurandum
1104 2629 1199 2666 omnes
1217 2613 1360 2667 vendentes
1382 2631 1422 2668 res
1440 2626 1466 2667 et
1485 2630 1586 2667 merces
1604 2613 1636 2666 ad
1655 2614 1710 2666 mi-

546 2715 642 2757 nutum
660 2701 694 2755 Et
712 2701 852 2754 familiares
870 2701 989 2770 ipsomm
1007 2700 1079 2769 quod
1098 2712 1205 2753 utentur
1217 2702 1284 2753 veris
1297 2714 1322 2754 et
1341 2701 1415 2754 iustis
1428 2702 1588 2772 ponderibus
1600 2713 1627 2755 et
1639 2719 1712 2755 men·

545 2792 612 2844 suris
630 2789 746 2861 ecquod
765 2788 833 2858 ipsas
852 2803 892 2840 res
910 2804 956 2840 seu
975 2803 1075 2840 merces
1104 2804 1159 2840 non
1187 2787 1378 2842 suffisticabunt
1395 2801 1422 2843 et
1440 2790 1547 2842 cuilibet
1565 2790 1711 2843 secundum

545 2895 639 2931 verum
657 2877 774 2948 precium
792 2877 892 2930 dabunt
910 2877 1056 2945 jussuum.
1075 2875 1108 2928 Et
1133 2877 1179 2945 qui
1197 2875 1379 2929 contrafecerit
1404 2876 1491 2931 soluat
1518 2893 1566 2947 pro
1593 2876 1711 2948 quolibet

546 2966 662 3037 pondere
680 2977 706 3018 et
724 2981 847 3018 mensura
865 2975 892 3017 et
909 2963 1027 3033 qualibet
1045 2962 1101 3016 vice
1119 2964 1218 3017 solidos
1236 2965 1270 3028 X,
1289 2964 1432 3035 papienses

549 3125 598 3210 38.
623 3123 672 3188 De
695 3119 802 3188 officio
827 3119 1026 3188 Collateralis
1049 3137 1081 3187 et
1105 3119 1224 3188 familie
1247 3123 1423 3208 potestatis.

580 3231 647 3283 ltem
660 3240 807 3282 statuemnt
818 3241 845 3281 et
856 3229 1047 3282 ordinauerunt
1059 3228 1141 3291 Quod
1154 3227 1320 3281 collateralis
1331 3201 1435 3281 domibi
1448 3227 1588 3281 Potistatis
1601 3227 1711 3298 Bugelle

546 3331 665 3371 tenentur
683 3318 731 3370 sub
750 3317 839 3370 debito
866 3317 1008 3386 juramenti
1035 3333 1144 3386 querere
1169 3317 1309 3385 diligenter
1336 3317 1365 3369 in
1385 3317 1469 3386 burgo
1491 3314 1601 3385 Bugelle
1619 3315 1711 3368 diebus

546 3405 657 3477 singulis
675 3421 770 3458 ornnes
787 3404 931 3458 vendentes
949 3405 1043 3457 tinum
1062 3405 1095 3457 ad
1113 3404 1249 3458 minutum
1268 3421 1298 3456 ac
1316 3406 1489 3475 comprobare
1501 3406 1522 3458 si
1537 3421 1660 3457 mensure
1677 3403 1710 3456 ad

547 3511 612 3565 quas
630 3493 723 3547 vinum
742 3493 857 3546 vendent
875 3505 937 3546 sunt
955 3491 1105 3545 consumes
1124 3493 1254 3545 mensuris
1273 3492 1406 3546 Comunis
1424 3491 1534 3564 Bugelle
1551 3493 1585 3547 Et
1602 3491 1624 3545 si
1642 3491 1711 3562 ipsas

547 3583 590 3637 uel
608 3581 725 3653 aliquam
744 3581 859 3652 ipsarum
878 3581 1030 3651 repetiuerit
1048 3579 1104 3633 lore
1121 3581 1211 3634 minus
1228 3580 1426 3652 ydoneasipsos
1438 3593 1586 3651 presentare
1599 3579 1710 3634 domino

546 3670 668 3742 potestati
686 3682 713 3722 et
731 3685 775 3722 eas
793 3669 913 3722 comburi
931 3667 1015 3722 lacere
1033 3669 1061 3721 in
1080 3668 1124 3721 die
1142 3669 1269 3722 merchati
1287 3669 1315 3721 in
1329 3668 1433 3738 plathee
1450 3669 1525 3740 placij
1540 3667 1645 3740 bugelle
1662 3684 1712 3721 nec

546 3775 602 3812 non
620 3757 816 3827 condempnare
834 3771 1017 3827 quoscumque
1035 3768 1217 3809 mensurantes
1234 3756 1267 3809 ad
1286 3756 1368 3810 dictas
1386 3773 1522 3810 mensuras
1541 3757 1630 3809 minus
1647 3755 1712 3826 ydo-

545 3861 609 3900 neis
627 3845 655 3899 in
673 3845 765 3898 solidis
783 3843 838 3896 LX.
857 3845 1024 3915 papiensibus
1041 3859 1090 3915 pro
1102 3843 1221 3915 quolibet
1232 3855 1259 3897 et
1271 3844 1387 3914 qualibet
1400 3846 1464 3897 vice.
1478 3845 1521 3914 (1)
1534 3843 1618 3897 Cuius
1630 3837 1724 3897 banni'

545 3934 625 3986 tercia
643 3949 701 4003 pars
718 3932 752 3986 sit
769 3932 915 3985 inuentoris
933 3943 960 3985 et
978 3932 1029 3984 alie
1047 3932 1098 3985 due
1116 3942 1202 4001 partes
1218 3932 1341 3985 comunis
1355 3933 1405 4002 (1).
1416 3932 1449 3986 Et
1460 3931 1583 3986 similiter
1591 3943 1712 3985 tenentur

546 4023 584 4092 jre
602 4021 631 4074 in
649 4019 730 4092 plano
747 4030 774 4073 et
791 4031 899 4075 vernato
917 4019 1006 4074 saltim
1024 4018 1064 4074 bis
1082 4020 1110 4072 in
1128 4018 1282 4089 Septimana
1309 4019 1344 4073 Et
1361 4019 1493 4091 inquirere
1520 4036 1551 4074 ac
1569 4019 1663 4092 punire
1681 4031 1712 4072 ut

549 4124 635 4178 supra

575 4299 605 4354 (t)
617 4302 651 4353 (ι)
664 4298 730 4338 verb·
743 4298 793 4340 beet
807 4299 867 4341 ductu
882 4298 966 4350 lineola,
981 4298 1047 4341 delete
1061 4297 1117 4341 inm
1131 4308 1151 4340 et
1164 4299 1220 4340 inxit
1233 4299 1330 4354 tmpmm
1343 4309 1388 4340 est:
1406 4297 1471 4340 Vacat.
