3918 5554
486 437 538 492 282

487 577 528 632 3ο.
547 563 589 615 De
609 561 712 614 suario
730 559 888 614 Consulum.

486 664 528 720 3¹·
548 649 591 704 De
610 647 711 702 famulo
728 647 762 702 ad
780 646 900 702 officium
919 647 1044 702 femus
1140 715 1144 720 Δ

486 751 527 806 32.
547 737 589 788 De
607 735 661 790 ntis
679 735 725 808 qui
743 736 840 790 debent
857 735 955 790 habere
972 747 1074 807 partem
1093 735 1232 792 Carbonis.

486 839 527 894 33.
546 825 589 878 De
606 823 657 878 Illo
675 823 722 895 qui
739 839 795 878 non
814 824 892 878 debet
909 825 996 879 dicem
1014 823 1115 895 aliquid
1134 823 1163 878 in
1183 823 1316 896 Collegio.

486 927 526 982 34.
545 913 589 966 De
606 913 709 966 ratione
727 911 878 967 Consulum
895 925 936 967 ter
952 913 981 966 in
1000 913 1082 966 Anno
1102 912 1242 967 reddenda.

486 1015 526 1070 35.
545 1001 588 1055 De
605 1001 766 1056 anniuersnli
783 999 873 1056 fiendo
891 1013 950 1074 post
968 1001 1066 1056 iustum
1084 1001 1168 1054 meti
1186 1001 1262 1072 Eloy.

486 1087 527 1158 36.
546 1089 589 1143 De
608 1090 739 1160 portando
756 1105 866 1160 corpora
884 1090 912 1142 in
931 1089 1021 1159 plano.

486 1191 527 1246 37.
546 1177 588 1231 De
606 1175 702 1230 salario
720 1177 816 1246 notarii
836 1189 862 1244 er
879 1177 1024 1230 semitoris
1376 1235 1380 1242 ,

486 1262 583 1334 1386.?
602 1265 646 1334 (1)
663 1264 786 1335 Magister
800 1263 924 1333 lohannes
940 1263 969 1317 δι
983 1264 1113 1336 pinaroiio
1130 1268 1283 1337 guarnerius
1302 1269 1329 1320 in
1343 1265 1397 1337 fine
1414 1283 1460 1322 sua
1478 1267 1575 1322 dimisit
1587 1267 1655 1324 eobo

533 1357 632 1423 partam
648 1350 682 1404 ad
699 1351 900 1422 cohoperinsdum
917 1351 998 1406 attare
1014 1355 1095 1406 sancti
1114 1351 1182 1424 Etoy.

485 1439 561 1511 1389.
581 1440 622 1512 (1)
642 1439 672 1492 16
688 1441 772 1509 Jnuij.
791 1439 829 1492 De
843 1439 954 1510 protadio
974 1441 1094 1512 cottegij.

582 1987 611 2041 n.
630 1983 894 2040 nfiassuroumu
912 1984 1173 2040 saurnrounu
1192 1951 1498 2040 cusaeuumnnu.
1520 1985 1562 2054 (2)

505 2180 527 2218 1.
547 2162 622 2231 Quod
640 2161 726 2216 nutias
743 2161 884 2233 eaiegarius
901 2161 982 2214 debeat
1001 2161 1161 2214 laborarem
1181 2161 1267 2214 diebus
1278 2161 1359 2233 sestis.

503 2266 526 2304 2.
549 2250 625 2318 Quod
642 2250 745 2321 quilibet
750 2250 832 2321 jaciat
850 2255 872 2302 et
886 2255 967 2320 portet
985 2249 1019 2302 αδ
1040 2246 1159 2302 Sumtum
1180 2246 1328 2320 Stephanum
1345 2265 1448 2303 cereum.

500 2355 524 2407 3.
546 2338 585 2391 De
602 2340 677 2392 reseis
694 2340 739 2408 qui
752 2342 889 2410 portantur
903 2346 949 2406 per
967 2337 1086 2390 consules.

499 2441 525 2493 4.
545 2427 583 2480 De
603 2427 713 2496 exequiis
731 2432 896 2478 mortuorum.

502 2531 524 2584 5.
544 2513 619 2582 Quod
637 2513 724 2567 unitus
741 2512 780 2566 det
797 2513 831 2566 αδ
848 2511 1014 2564 laborandum
1034 2511 1136 2565 desento
1154 2519 1316 2565 conuentatus
1334 2529 1390 2566 cnm
1407 2511 1458 2566 aiio
1470 2510 1499 2566 de
1512 2511 1632 2582 Coiiegio.

498 2602 524 2656 6.
544 2601 620 2669 Quod
639 2601 725 2655 nuilus
737 2601 816 2672 possit
830 2607 909 2670 petere
927 2601 1041 2670 graciam
1064 2606 1121 2652 ante
1132 2599 1228 2670 sestam
1249 2600 1362 2672 Symonis
1379 2601 1402 2654 et
1419 2600 1488 2656 tate

500 2706 524 2760 7.
545 2690 584 2742 De
602 2691 722 2760 nunptioue
739 2689 804 2742 corei
822 2688 917 2740 bonini.
1240 2689 1244 2696 ’

498 2779 524 2832 8.
545 2778 621 2846 Quod
648 2777 734 2831 nulius
759 2775 900 2846 calagurim
926 2775 1003 2829 vadai
1030 2775 1063 2829 αδ
1088 2775 1254 2829 laborandum
1281 2793 1337 2831 cnm
1354 2776 1440 2848 aliqua
1464 2793 1490 2830 ra
1512 2777 1651 2850 pertinente

551 2867 585 2920 αδ
602 2867 710 2938 officinm
729 2863 858 2934 ealegorie.

497 2973 523 3026 9.
543 2955 618 3022 Quod
636 2953 722 3008 nulius
739 2951 879 3022 witgarius
897 2953 989 3006 laborat
1007 2952 1036 3006 δι
1055 2959 1130 3006 nocte.

479 3059 518 3111 ιρ.
540 3042 615 3110 Quod
634 3041 720 3095 nulius
737 3040 819 3093 &beot
835 3041 953 3110 affaytare
972 3043 1070 3094 aoreiun
1096 3048 1211 3095 extranee
1218 3048 1322 3114 persone
1334 3041 1386 3094 uisi
1396 3039 1481 3096 babeat
1493 3041 1651 3097 medietonm.

478 3147 514 3184 11.
534 3130 610 3198 Quod
628 3129 715 3183 oratius
731 3127 814 3181 debeat
831 3127 914 3182 docere
931 3130 1041 3199 officium
1060 3130 1183 3200 categoria
1199 3135 1313 3182 extranee
1325 3139 1437 3202 persone.
1653 3133 1656 3138 '

478 3234 518 3272 12.
537 3220 576 3272 De
595 3221 716 3290 emptione
733 3220 806 3272 eorei.

477 3323 517 3376 13.
537 3307 610 3376 and
628 3307 730 3377 quilibet
747 3310 832 3360 veniat
849 3307 883 3360 αδ
899 3307 1041 3360 citationem
1060 3306 1197 3359 consulum.

477 3411 517 3462 14.
537 3393 613 3462 Quod
630 3395 733 3465 quilibet
750 3395 891 3463 categorias
908 3399 930 3446 et
949 3411 1014 3446 uxor
1032 3399 1088 3446 eant
1107 3392 1141 3446 αδ
1158 3395 1265 3464 officinm
1283 3393 1317 3448 ad
1327 3395 1422 3466 festum
1435 3395 1499 3448 beati
1517 3396 1579 3449 ursi.

477 3497 517 3550 15.
536 3483 575 3534 De
593 3483 707 3535 electione
724 3483 862 3536 consutum.

476 3569 516 3623 16.
537 3570 612 3638 Quod
631 3571 718 3623 nntius
735 3576 799 3623 emat
817 3569 915 3640 aliquid
931 3569 960 3622 δι
978 3569 1088 3623 misterio
1107 3569 1290 3641 categoriarum
1308 3589 1323 3623 a
1338 3581 1445 3642 persona
1464 3573 1577 3644 privata.

477 3672 517 3727 17.
536 3658 575 3711 De
595 3663 749 3711 saerannuto
766 3657 896 3710 consutum
913 3663 935 3709 et
953 3657 1071 3710 cianarii.

475 3746 515 3798 18.
535 3746 611 3814 Quod
629 3747 715 3800 untias
733 3745 873 3816 witgarius
890 3745 972 3798 daiam
990 3763 1067 3798 msere
1080 3745 1155 3817 peltes
1172 3755 1245 3817 super
1264 3746 1359 3800 bestias.

476 3850 515 3903 19.
536 3833 614 3902 Quod
631 3834 718 3887 nuilus
734 3833 816 3886 debcm
833 3851 910 3896 emere
927 3850 1025 3886 careum
1047 3851 1089 3886 nee
1102 3832 1191 3905 peiiem
1209 3833 1379 3888 caieiuantem.

479 3937 521 3975 20.
542 3923 581 3976 De
599 3921 759 3974 anniuersaie
776 3921 956 3992 defunctorum.

477 4025 514 4062 ar.
534 4009 610 4079 Quod
628 4009 715 4062 sonitus
732 4009 872 4079 categorias
889 4015 953 4062 mun
971 4026 1071 4062 careum
1085 4009 1199 4080 peiutam
1217 4025 1291 4064 carisa
1311 4009 1469 4064 reaendendi.

502 4185 529 4235 (ι)
546 4182 631 4224 Titulus
646 4184 703 4223 deest
718 4185 738 4222 in
752 4183 831 4232 codice,
846 4196 885 4223 nos
899 4183 1015 4224 minimus.

500 4256 532 4308 (ι)
547 4254 594 4296 Hos
608 4256 746 4308 repertorium
761 4255 817 4294 deest
831 4255 852 4294 in
866 4255 946 4303 codice,
957 4268 995 4294 nos
1011 4255 1127 4298 sdiictmus.
