3978 5546
548 481 580 540 16

542 609 602 664 XX.
619 619 647 664 et
663 607 813 666 oblatione
829 610 863 665 ad
881 611 978 682 pascha
996 621 1168 682 pmtecoctet
1195 621 1223 664 et
1240 609 1319 680 prior.
1346 621 1375 664 et
1401 607 1530 664 corosani
1549 607 1633 680 ipea'os
1650 623 1714 662 con-

543 696 621 754 frarie
638 709 779 754 terreanmr
795 711 823 753 et
840 699 954 756 debeam
970 711 1094 756 excutere
1111 698 1186 754 illam
1202 698 1309 754 binnam
1327 711 1355 754 et
1381 697 1505 754 denarios
1531 699 1565 754 ab
1592 697 1647 752 illis
1667 697 1714 769 qui

543 803 601 842 non
618 787 748 842 soluerint
764 787 793 842 in
811 787 888 842 dictis
906 787 1035 843 termini&
1054 788 1087 842 Et
1106 799 1246 842 teneantur
1263 804 1310 858 per
1327 803 1422 841 eorum
1439 797 1636 842 summatem
1652 785 1715 840 dare

544 873 674 930 auxilium
692 887 719 930 et
736 875 821 930 facere
838 893 932 932 eorum
951 893 1028 948 posse
1045 877 1118 948 quod
1137 875 1186 948 ipsi
1213 875 1327 930 soleant
1355 887 1382 930 et
1409 875 1548 930 restituam
1574 890 1715 946 eapenstas

543 962 612 1018 iacta
623 963 669 1017 illa
687 963 720 1020 de
738 981 823 1019 causa
842 965 876 1020 Et
893 966 941 1037 qui
958 965 1050 1020 fecerit
1067 976 1160 1020 contra
1180 964 1295 1035 predicta
1306 964 1395 1018 soluat
1412 965 1532 1018 bannum
1550 963 1599 1018 sol.
1619 961 1652 1016 V.
1670 979 1714 1034 pp

544 1068 592 1124 pro
610 1051 728 1123 qualibet
743 1053 804 1106 uice
821 1065 848 1108 et
866 1069 914 1125 pro
931 1053 1050 1126 quolibet
1069 1063 1191 1124 precepto
1209 1064 1236 1106 et
1253 1064 1344 1124 pomer
1361 1051 1456 1107 soluat.

581 1207 623 1262 77.
641 1193 709 1248 Item
728 1205 856 1250 staturum
874 1196 1004 1268 estquod
1022 1196 1134 1268 quisque
1152 1195 1197 1266 qui
1217 1194 1330 1266 eligetur
1342 1193 1463 1249 minister
1474 1194 1715 1250 conimiedebent

543 1280 631 1352 ipsum
649 1281 769 1336 officium
787 1299 915 1337 exercere
934 1295 990 1338 mm
1009 1284 1048 1338 illi
1067 1283 1113 1356 qui
1132 1295 1194 1338 sunt
1212 1284 1246 1337 de
1265 1281 1394 1338 confraria
1422 1300 1503 1355 quam
1526 1282 1566 1338 iiii
1592 1283 1713 1355 quinon

542 1381 613 1424 sunt
631 1370 665 1424 Et
682 1370 728 1442 qui
746 1369 929 1426 contrafecerit
945 1372 1033 1428 soluat
1051 1373 1170 1428 bannum
1189 1371 1237 1426 sol.
1256 1371 1315 1426 XX.
1335 1389 1377 1444 pp.
1397 1385 1488 1444 postea
1506 1373 1540 1427 sit
1558 1371 1686 1426 minister.

580 1529 856 1600 78.1temsmtumm
877 1543 917 1585 ert
935 1532 1008 1603 quod
1025 1531 1048 1586 si
1066 1531 1126 1603 quis
1144 1533 1281 1586 intrauerit
1299 1533 1328 1586 io
1354 1531 1484 1586 confraria
1510 1531 1621 1586 alicuius
1647 1544 1715 1585 terre

542 1617 677 1690 quamde
696 1618 809 1690 bugella
828 1631 855 1674 et
873 1637 929 1676 non
950 1619 1028 1674 fuerit
1046 1621 1080 1674 de
1098 1619 1228 1675 confraria
1247 1620 1360 1692 bugelle.
1388 1620 1482 1674 Soluat
1499 1633 1635 1674 soresmno
1653 1637 1715 1674 con-

542 1704 619 1760 frarie
638 1707 744 1778 bugelle
761 1707 836 1762 omni
856 1725 929 1762 anno
946 1709 1015 1763 sicut
1033 1709 1072 1763 illi
1095 1709 1143 1780 qui
1161 1721 1224 1762 suot
1241 1709 1275 1764 de
1293 1707 1430 1767 condrada.

578 1883 621 1939 79.
639 1869 708 1922 Item
725 1881 854 1924 statutum
872 1882 912 1924 eat
928 1871 1002 1941 quod
1018 1869 1090 1941 prior
1107 1883 1133 1924 et
1151 1871 1279 1924 soresmni
1299 1883 1400 1924 ueteres
1413 1883 1552 1926 teneanmr
1563 1881 1589 1924 et
1601 1871 1714 1924 debant

542 1957 605 2011 dare
623 1956 691 2012 infra
709 1975 793 2012 vnum
812 1975 946 2012 menssem
965 1976 1061 2014 omnes
1080 1958 1223 2014 confratres
1253 1959 1281 2012 in
1308 1959 1410 2030 scriptis
1440 1971 1496 2012 tam
1526 1957 1715 2014 decementitos

542 2061 624 2118 quam
642 2045 752 2100 intratos
771 2047 853 2118 priori
871 2059 898 2101 et
916 2047 1059 2101 sorectanis
1076 2047 1164 2102 nouis.
1185 2059 1211 2102 et
1229 2049 1291 2102 dare
1309 2059 1336 2100 et
1365 2048 1523 2118 consignare
1541 2047 1604 2117 ipsis
1621 2045 1713 2102 omnia

543 2134 612 2188 bona
631 2149 683 2204 que
701 2133 828 2189 haberent
846 2136 880 2189 de
897 2135 1027 2190 confraria
1045 2135 1114 2190 inira
1131 2147 1252 2212 sanctem
1271 2135 1409 2190 eusebium
1437 2135 1597 2206 proximum.
1616 2134 1651 2189 Et
1667 2133 1713 2206 qui

543 2221 725 2276 contrafecerit
742 2222 829 2278 soluat
848 2225 969 2278 bennum
987 2224 1036 2278 sol.
1055 2224 1088 2278 V.
1108 2242 1150 2296 pp.
1170 2241 1218 2296 pro
1236 2223 1356 2296 quolibet
1374 2224 1461 2296 priore
1472 2235 1653 2278 etsorestano.
1664 2239 1712 2294 pro

543 2310 660 2381 qualibet
677 2311 826 2366 ebdomada
843 2329 896 2384 qua
914 2313 1014 2367 steterit
1033 2325 1092 2384 post
1109 2313 1211 2373 dictum
1230 2313 1383 2367 terminum.
1396 2313 1431 2366 Et
1439 2311 1561 2368 consules
1574 2323 1714 2366 tenecntur

543 2417 589 2470 per
606 2417 701 2455 eorum
720 2415 916 2456 sacramentum
934 2415 1057 2456 excutere
1075 2403 1144 2456 dicta
1163 2403 1258 2456 banna.

578 2561 621 2616 δα
641 2562 709 2616 Item
726 2573 854 2616 statutum
872 2575 912 2618 est
930 2563 1003 2635 quod
1021 2563 1110 2634 aliqua
1128 2579 1240 2635 persona
1258 2579 1314 2616 noo
1334 2561 1413 2616 undat
1431 2562 1713 2618 adcomedendumad

542 2648 709 2704 contrariam
728 2649 779 2704 nisi
798 2651 832 2706 sit
850 2651 883 2706 de
901 2651 1040 2706 confraria.
1060 2663 1086 2706 et
1104 2652 1151 2723 qui
1170 2651 1258 2706 soluat
1269 2649 1435 2706 contrariam
1445 2649 1496 2704 nisi
1507 2650 1612 2722 iretpro
1622 2651 1713 2723 aitquo

542 2737 672 2794 confratre
689 2739 814 2793 habendo
832 2741 894 2794 inde
911 2740 1051 2796 licenciam
1069 2757 1085 2796 a
1103 2740 1189 2812 priore
1208 2740 1251 2794 uel
1270 2757 1285 2794 a
1303 2751 1439 2796 soresmno
1457 2754 1515 2794 suo.
1534 2739 1568 2793 Et
1585 2739 1632 2811 qui
1651 2755 1712 2794 con·

542 2826 679 2882 traiecerit
698 2827 785 2882 solunt
803 2829 923 2882 bannum
942 2846 989 2900 pro
1017 2829 1134 2901 quidibet
1152 2828 1210 2884 vice
1228 2829 1276 2884 sol.
1305 2829 1337 2884 V.
1357 2845 1400 2902 pp.
1429 2840 1456 2882 et
1486 2827 1564 2900 prior.
1592 2841 1619 2882 et
1636 2829 1714 2882 mini·

542 2915 627 2972 stralis
645 2927 786 2970 teneantur
803 2933 849 2988 per
866 2934 960 2970 eorum
979 2930 1174 2972 sacrmnentum
1193 2905 1321 2974 accusem.
1340 2931 1367 2973 et
1384 2919 1507 2974 consules
1515 2931 1655 2972 teneantur
1672 2935 1714 2972 ex·

542 3017 631 3060 cutere
650 3006 737 3060 banna
755 3017 782 3058 et
799 3023 830 3059 ea
851 3006 912 3060 dare
931 3005 1060 3062 contrarie
1078 3007 1201 3078 predicte
1219 3009 1253 3062 Et
1271 3007 1343 3079 quod
1361 3008 1451 3064 nullus
1463 3009 1557 3062 debeat
1568 3023 1662 3062 cenare
1680 3005 1712 3059 ad

542 3094 686 3168 predictam
704 3093 871 3150 contrariam.

578 3257 621 3310 81.
640 3255 682 3326 (ι)
701 3255 769 3308 Item
787 3268 915 3311 statutum
934 3268 961 3310 et
978 3255 1131 3310 ordinatum
1150 3257 1278 3329 estquod
1299 3257 1369 3330 prior
1393 3255 1522 3312 confrarie
1549 3268 1669 3310 tenentur
1687 3268 1713 3309 et

542 3347 636 3400 debeat
653 3345 754 3399 reddita
772 3345 874 3398 ratione
902 3344 969 3400 inira
988 3344 1083 3399 festum
1115 3346 1240 3400 omnium
1259 3357 1412 3400 sanctorum
1430 3345 1492 3398 dare
1510 3343 1614 3398 soluere
1631 3356 1658 3397 et
1676 3362 1713 3398 re

541 3435 649 3488 stituere
667 3433 782 3488 clauario
801 3435 924 3488 comunis
942 3445 1029 3487 totum
1048 3433 1114 3487 illud
1132 3435 1205 3505 quod
1223 3434 1385 3505 superauerit
1402 3434 1436 3487 de
1455 3433 1557 3488 ratione
1584 3433 1713 3488 confrarie

540 3525 590 3578 sub
609 3536 715 3596 pendet
733 3524 822 3578 banno
842 3523 890 3577 sol.
909 3523 967 3576 XX.
987 3540 1029 3594 pp.
1048 3535 1074 3576 et
1092 3539 1140 3594 pro
1159 3523 1276 3593 qualibet
1305 3523 1452 3578 ebdomada
1471 3521 1519 3576 sol.
1547 3523 1579 3577 X.
1600 3541 1641 3594 pp.
1660 3539 1713 3594 qua

540 3611 640 3666 steterit
658 3613 691 3665 ad
710 3610 861 3666 faciendum
880 3612 1010 3665 rationem
1028 3611 1181 3682 predictam.
1200 3629 1252 3683 que
1270 3613 1358 3665 banna
1376 3611 1498 3666 consules
1512 3621 1653 3665 teneantur
1670 3629 1713 3665 ex·

541 3714 630 3756 cutere
648 3718 694 3772 per
711 3718 805 3754 eorum
823 3712 1026 3754 sacramentum.
1046 3711 1072 3754 et
1099 3699 1228 3754 clauarius
1255 3711 1375 3754 teneatur
1402 3701 1510 3754 reddere
1528 3699 1659 3755 rationem
1678 3700 1712 3753 de

542 3790 652 3861 receptis
669 3789 777 3862 quando
795 3789 887 3844 reddet
904 3789 1035 3844 rationem
1054 3789 1186 3846 comunis.

576 3932 619 3985 82.
638 3931 706 3986 Item
724 3940 851 3985 statutum
870 3943 909 3985 eet
927 3931 999 4003 quod
1018 3931 1134 4002 quelibet
1153 3949 1264 4001 persona
1291 3947 1343 4002 que
1371 3909 1449 3984 fuerit
1475 3930 1562 3984 leuata
1590 3929 1711 3985 officialis

541 4018 670 4073 contraire
688 4035 734 4089 per
751 4035 835 4072 vnum
853 4035 956 4072 nonum
973 4035 1030 4072 non
1042 4019 1125 4088 possit
1136 4019 1197 4090 cogi
1211 4036 1268 4072 esse
1280 4018 1400 4072 officialis
1413 4019 1482 4072 dicte
1495 4017 1624 4072 contrarie
1638 4017 1713 4073 illinc

540 4108 574 4162 ad
591 4107 710 4179 quinque
728 4124 821 4160 annos.
1735 4101 1746 4116 '

567 4341 594 4393 (ι)
609 4338 696 4380 initialis
705 4339 763 4380 litera
771 4339 833 4393 hujus
841 4337 925 4394 capituli
933 4340 1036 4394 posterius
1047 4339 1117 4394 scripti
1125 4340 1191 4380 minio
1201 4349 1263 4380 caret.
