3958 5540
1405 503 1454 558 1⁰7

288 611 445 667 conscilium
473 611 516 666 uel
543 611 663 666 fauorem
680 622 727 666 aut
745 627 807 666 cum
834 627 868 666 eo
886 611 1039 684 participare
1056 612 1105 666 sub
1123 612 1213 666 banno
1231 609 1378 666 solidorum
1396 611 1455 666 xx

289 699 455 772 papiensium
474 717 522 772 pro
540 699 661 772 quolibet
678 711 705 754 et
722 699 839 771 qualibet
857 699 924 754 uice.

323 789 358 842 Et
375 789 397 842 si
415 787 493 843 iuerit
511 787 636 843 bannitus
653 787 686 841 de
704 787 852 842 homicidio
867 787 938 842 tuno
950 788 1052 842 robaria
1066 787 1192 843 incendio
1203 787 1334 842 adulterio
1346 785 1457 842 falsitate

288 875 332 932 uel
351 877 385 929 de
402 875 492 947 aliquo
510 875 564 930 aiio
583 876 688 930 enormi
705 875 803 930 delicto
820 875 907 930 soluat
925 892 973 947 pro
991 875 1111 947 quolibet
1129 889 1156 930 et
1174 877 1289 948 qualibet
1301 875 1359 930 rice
1376 873 1455 929 libras

289 963 373 1018 XXV.
391 963 536 1034 papienses
555 964 589 1018 Et
605 963 708 1018 nullam
727 964 808 1036 possit
825 963 923 1018 habere
940 964 1150 1018 excusacionem.

328 1119 385 1174 143·
404 1104 472 1158 Item
490 1103 562 1176 quod
581 1103 685 1158 domini
705 1115 819 1176 potestas
836 1117 863 1159 et
881 1103 1004 1160 consules
1016 1104 1087 1176 ipsos
1101 1103 1226 1159 bannitos
1237 1079 1398 1159 nominatim
1418 1105 1458 1158 bis

290 1193 319 1246 in
336 1207 409 1246 anno
427 1191 456 1245 in
474 1190 586 1261 piatheis
604 1203 630 1244 et
648 1193 714 1246 locis
731 1193 864 1247 consuetis
882 1193 957 1263 placij
978 1205 1004 1247 et
1022 1191 1094 1264 plani
1106 1203 1245 1247 teneantur
1258 1191 1361 1263 publice
1373 1191 1457 1246 facere

292 1280 456 1352 proclamari.
476 1280 510 1334 Et
527 1279 646 1350 ipsorum
664 1280 777 1334 nomina
794 1280 878 1336 bitere
896 1282 924 1334 in
943 1293 1013 1336 carta
1031 1281 1142 1336 describi
1160 1293 1187 1334 et
1204 1279 1327 1352 applicari
1346 1281 1379 1334 ad
1398 1280 1456 1350 pla-

291 1370 390 1423 theam.

597 1525 639 1566 20.
660 1511 710 1564 DE
728 1510 921 1582 FALSARIJS.
941 1541 973 1552 —
993 1511 1047 1566 FoI.
1066 1525 1162 1566 cxxiv.

331 1700 388 1752 144
407 1685 475 1740 Item
494 1684 566 1756 quod
584 1685 630 1756 qui
649 1685 744 1740 falsum
763 1687 897 1740 comiserit
914 1685 1002 1741 soluat
1019 1687 1118 1740 solidos
1137 1685 1192 1740 Lx

328 1773 361 1827 Et
379 1773 400 1826 si
420 1772 497 1826 fuerit
515 1772 625 1826 oficialis
643 1774 766 1828 comunis
792 1774 885 1846 quiin
913 1791 963 1828 suo
990 1773 1069 1828 oficio
1096 1775 1231 1828 comiserit
1258 1773 1354 1826 falsum
1373 1773 1460 1826 soluat

293 1861 392 1914 solidos
410 1861 442 1914 C.
461 1873 487 1915 et
505 1877 606 1916 nomen
624 1862 681 1915 eius
699 1863 826 1915 scribatur
843 1863 872 1915 in
891 1862 958 1916 libro
976 1857 1065 1916 statuti
1084 1875 1110 1916 et
1122 1862 1270 1932 publicetur
1281 1861 1459 1916 incredencia

294 1961 320 2002 et
338 1949 430 2002 anritat
449 1961 575 2020 perpetuo
593 1950 686 2004 omnia
703 1949 780 2004 oficia
798 1950 861 2004 dicti
880 1952 1003 2006 comunis
1021 1952 1072 2022 (1).

331 2103 388 2158 145.
407 2087 542 2160 Imprimis
559 2090 631 2161 quod
649 2089 695 2161 qui
708 2090 855 2144 comissorit
867 2090 963 2146 salsum
980 2091 1165 2146 testimonium
1179 2101 1205 2144 et
1218 2089 1295 2144 fuerit
1308 2091 1460 2164 reprobatus

294 2175 380 2232 soluat
397 2177 517 2230 bannum
536 2175 661 2230 librarum
679 2177 738 2232 XX.
757 2179 865 2232 comuni
885 2191 911 2232 et
929 2179 1048 2233 restituat
1066 2179 1130 2248 parti
1150 2191 1242 2233 contra
1260 2197 1341 2251 quam
1364 2178 1460 2233 falsum

294 2265 467 2336 perhibuisset
485 2265 669 2319 testimonium
689 2266 715 2320 id
734 2266 762 2318 in
782 2283 836 2336 quo
854 2266 1040 2337 dampnificata
1058 2265 1134 2320 foret.
1164 2267 1236 2322 Etsi
1256 2280 1322 2322 esset
1340 2265 1460 2322 officialis

295 2351 337 2406 uel
355 2353 423 2406 alius
441 2353 487 2424 qui
505 2365 596 2406 contra
615 2352 740 2406 Comune
752 2349 851 2408 iaisuni
862 2355 1046 2410 testimonium
1059 2354 1161 2408 iecisset
1173 2356 1241 2410 ultra
1254 2355 1350 2409 dictam
1364 2371 1459 2426 penam

295 2455 421 2512 perpetuo
439 2441 472 2495 sit
490 2439 596 2494 infamis
615 2453 641 2494 et
659 2441 818 2495 describatur
835 2443 864 2497 in
884 2443 952 2496 libro
971 2455 1129 2498 statutorum
1149 2461 1199 2498 nee
1225 2445 1258 2497 ad
1285 2443 1388 2514 aliquos
1406 2443 1460 2497 bo-

295 2547 373 2584 nores
392 2529 455 2583 dicti
474 2529 606 2584 Comunis
633 2541 760 2600 perpetuo
786 2531 948 2586 admittatur.
977 2531 1011 2586 Et
1037 2532 1083 2603 qui
1111 2532 1214 2586 comitti
1242 2529 1320 2586 fuerit
1338 2531 1459 2585 eamdem

295 2633 391 2688 penam
410 2617 525 2671 incurrat
543 2617 594 2688 (2).

335 2761 391 2825 146.
411 2758 478 2813 Item
496 2759 568 2830 quod
587 2757 632 2830 qui
651 2757 804 2827 reprobatus
830 2753 907 2808 fuerit
935 2752 1026 2807 iecisse
1055 2751 1150 2808 salsum
1178 2753 1357 2808 iuramentum
1375 2750 1462 2806 soluat

296 2847 374 2903 libras
392 2860 493 2919 septem
511 2847 648 2918 papienses
667 2844 777 2900 comuni
796 2855 822 2898 et
840 2857 897 2896 non
915 2842 949 2896 sit
967 2841 1082 2896 inhmu.

332 2989 399 3045 Item
402 3029 586 3044 ·····
623 2987 666 3058 (t)

336 3128 393 3183 147.
412 3113 481 3168 Item
499 3111 544 3184 qui
563 3109 659 3166 falsum
687 3107 829 3164 confecerit
856 3106 1064 3163 instrumentum
1094 3107 1138 3162 uel
1156 3105 1311 3178 scripturam
1329 3103 1462 3178 publicam

299 3201 405 3272 doiosse
422 3200 509 3256 soluat
528 3199 646 3256 Comuui
665 3197 743 3252 libras
762 3197 880 3252 Centum
898 3198 1035 3268 papienses
1053 3197 1086 3251 Et
1104 3195 1149 3267 qui
1168 3195 1271 3250 comitti
1293 3194 1383 3250 iecerit
1400 3213 1461 3267 pre-
1570 3197 1576 3210 ‘

297 3289 365 3346 dicta
377 3289 463 3346 soluat
475 3290 639 3344 tantundem.
649 3287 682 3342 Et
700 3287 722 3342 si
734 3303 790 3340 non
801 3298 889 3340 essent
900 3284 1031 3340 soluendo
1043 3297 1194 3357 amputetur
1205 3285 1243 3340 eis
1255 3301 1350 3340 manus
1364 3283 1462 3339 dextra.

336 3433 393 3499 148.
411 3431 479 3486 Item
498 3431 543 3502 qui
562 3429 693 3484 iaisauerit
711 3427 831 3498 sigillum
850 3429 973 3481 comunis
992 3426 1035 3482 uel
1053 3427 1105 3480 hoc
1124 3427 1227 3510 comitti
1256 3425 1351 3480 ficeret
1377 3425 1464 3479 soluat

298 3519 416 3574 Comuni
435 3519 514 3572 libras
532 3518 648 3572 Centum
667 3517 812 3586 papienses.
832 3515 865 3568 Et
885 3514 952 3568 ultra
970 3515 1022 3568 hoc
1042 3527 1168 3586 perpetuo
1186 3515 1219 3567 sit
1237 3513 1344 3566 infamis
1362 3529 1411 3566 nec
1430 3513 1462 3566 ad

298 3607 415 3662 bonores
432 3607 496 3662 dicti
515 3605 637 3660 comunis
656 3603 770 3675 amplius
789 3602 951 3656 admittatur.
971 3603 1003 3656 Et
1021 3603 1042 3656 si
1062 3619 1117 3656 non
1136 3615 1203 3656 esset
1220 3601 1351 3656 soluendo
1374 3617 1464 3671 ampu-

298 3709 369 3751 tetur
386 3695 436 3750 sibi
461 3709 565 3748 manus

338 3851 397 3908 ¹49.
414 3835 483 3890 Item
502 3834 574 3906 quod
593 3833 638 3904 qui
658 3830 833 3886 falsificauerit
851 3831 959 3903 aliquod
977 3829 1095 3886 alienum
1114 3829 1232 3901 sigillum
1262 3829 1319 3886 siue
1337 3829 1464 3884 buiietam

299 3935 325 3977 et
343 3923 389 3994 qui
408 3921 523 3994 predicta
535 3920 638 3974 comitti
651 3919 740 3974 fecerit
752 3920 839 3974 soluat
848 3920 957 3974 comuni
971 3935 1018 3990 pro
1032 3921 1120 3973 banno
1133 3917 1210 3972 libras
1223 3917 1306 3973 XXV.
1320 3919 1464 3991 papienses.

299 4009 371 4066 Etsi
390 4027 446 4065 non
464 4021 532 4063 esset
549 4006 680 4062 soluendo
698 4007 866 4062 abscindatur
883 4008 932 4062 sibi
951 4005 1076 4062 auricula.

327 4187 355 4238 (r)
370 4185 434 4238 super
448 4197 493 4238 sap.
509 4183 584 4224 lineola
599 4183 659 4224 ducta
674 4193 713 4230 est,
728 4185 786 4236 quasi
801 4183 931 4222 obliteratum
947 4181 1026 4222 fuisset.

326 4259 356 4308 (ι)
371 4257 416 4298 iios
430 4267 450 4296 et
465 4269 509 4310 ssp.
525 4256 669 4310 subsequenda
683 4255 753 4294 eadem
768 4267 836 4304 manu,
852 4265 912 4306 atque
926 4267 950 4294 es
964 4267 1015 4307 quae
1031 4253 1111 4294 suerum
1126 4255 1211 4304 ediscas,
1226 4264 1304 4294 ersrsta
1320 4261 1376 4294 snat.

324 4329 355 4382 (t)
371 4327 437 4370 ίαν·
452 4339 536 4370 mnu·-
