3958 5540
1395 501 1444 556 ¹⁰9

281 637 354 672 mare
373 623 440 672 loras
459 631 485 672 et
504 619 590 688 ipsum
609 634 658 670 suo
677 631 752 686 posse
771 615 891 686 persequi
909 631 1000 684 capere
1021 627 1047 666 et
1066 614 1094 666 in
1114 613 1222 666 forciam
1242 611 1344 665 domini
1363 623 1445 680 potes·

278 709 339 760 tatis
358 721 383 761 et
402 707 524 760 comunis
543 707 698 759 conducere.
719 706 751 757 Et
769 705 790 757 si
810 717 900 757 contra
919 703 1008 755 lecerit
1026 702 1112 756 soluat
1131 703 1249 755 bannum
1268 718 1315 771 pro
1328 699 1445 770 quolibet

279 807 306 848 et
324 795 441 866 qualibet
459 795 516 848 uice
534 794 661 847 librarum
680 793 796 845 Centum
816 792 990 860 papiensium.

318 953 375 1004 155.
395 935 461 990 Item
480 935 551 1006 quod
572 934 592 988 si
614 935 765 987 incendium
786 934 842 986 siue
861 945 985 1002 guastum
1005 947 1050 1000 per
1068 931 1185 1000 aliquem
1199 947 1230 982 es
1244 929 1319 984 dictis
1333 929 1445 1000 prodito

278 1025 350 1078 ribus
368 1024 411 1078 uel
430 1042 476 1094 per
493 1039 691 1094 quamcumque
709 1023 790 1074 aliam
808 1038 947 1090 personam
967 1021 1057 1072 datum
1077 1019 1119 1071 uel
1140 1017 1238 1091 sactum
1271 1018 1348 1072 fuen't
1366 1019 1445 1072 alicui

278 1129 390 1184 persone
407 1113 441 1166 de
459 1112 564 1183 bugella
583 1113 730 1181 dampnum
749 1110 896 1180 predictum
914 1125 1030 1162 comune
1048 1119 1169 1162 teneatur
1186 1107 1322 1161 restituere
1341 1123 1424 1178 passo

423 1337 463 1376 22.
484 1321 531 1376 DE
550 1321 689 1386 ΒΑΝΝΙὸ,
709 1319 878 1374 Bnnntrts
897 1318 945 1373 ET
964 1318 1073 1373 PENIS.
1094 1351 1126 1359 -
1148 1319 1200 1372 fot.
1220 1334 1304 1376 cxxv.

319 1515 375 1585 156.
395 1517 425 1569 ln
445 1516 535 1586 primis
553 1528 680 1569 statutum
700 1527 738 1568 cst
757 1515 829 1585 quod
853 1513 974 1567 consules
1003 1515 1077 1568 ontni
1106 1531 1178 1568 anno
1206 1513 1271 1567 infra
1302 1512 1372 1566 Vlll.
1391 1513 1447 1566 dies

281 1619 340 1676 post
358 1617 475 1656 sanctam
494 1604 605 1656 Mariam
625 1604 737 1656 debeant
754 1603 851 1654 habere
880 1602 976 1654 librum
1005 1620 1050 1672 per
1068 1620 1095 1654 se
1114 1603 1141 1655 in
1170 1619 1225 1672 quo
1243 1615 1375 1672 ponantur
1393 1618 1445 1656 no·

282 1695 363 1758 mina,
382 1693 540 1764 quantitates
559 1705 584 1745 et
603 1708 680 1744 cause
699 1691 870 1744 bannitorum
889 1689 959 1742 illius
979 1691 1050 1743 anni.

319 1849 376 1902 157.
396 1834 462 1886 ltem
482 1832 554 1902 quod
573 1833 691 1884 bannum
710 1833 772 1884 dare
791 1829 891 1900 possint
909 1831 947 1883 eis
966 1830 1177 1900 quispreuerint
1206 1847 1300 1884 eorum
1328 1844 1447 1900 precepta

282 1921 324 1975 uel
345 1922 431 1973 banna
450 1920 627 1973 recusauerim
645 1921 768 1972 acordare
788 1918 904 1972 manime
922 1919 943 1972 si
963 1919 1031 1972 bona
1051 1935 1145 1972 enrum
1164 1935 1219 1971 non
1247 1918 1396 1972 sufficerent
1414 1919 1446 1972 ad

285 2013 371 2064 banna
391 2009 544 2062 huiusmodi
563 2007 745 2078 persoluenda.

320 2151 376 2218 158.
395 2151 463 2204 Item
482 2149 553 2220 qnod
573 2161 711 2202 teneantur
729 2149 800 2218 ipsos
819 2149 941 2202 bannitus
960 2149 993 2202 de
1012 2149 1146 2202 mensibus
1176 2150 1331 2214 decembris,
1358 2148 1447 2219 aprilis

282 2251 308 2292 et
327 2238 481 2308 septembris
499 2238 527 2290 in
547 2237 611 2292 locis
630 2237 762 2290 consuetis
782 2236 886 2307 bugelle
906 2237 1009 2307 publice
1028 2236 1111 2290 lacere
1130 2237 1293 2308 proclamari.

321 2411 377 2466 159.
397 2397 463 2450 ltem
482 2395 553 2466 quod
575 2395 675 2448 banniti
694 2397 727 2448 ab
746 2395 871 2448 omnibus
890 2395 984 2466 officijs
998 2408 1024 2448 et
1038 2395 1171 2467 beneficijs
1185 2395 1329 2466 priuilegijs
1342 2409 1367 2450 et
1381 2397 1448 2450 utili-

283 2485 378 2538 tatibus
395 2485 458 2539 dicti
477 2485 600 2538 comunis
619 2485 729 2538 durante
747 2485 836 2537 barrato
856 2485 960 2555 penitus
978 2485 1030 2538 sint
1050 2485 1148 2538 exclusi
1167 2501 1215 2538 nec
1235 2503 1282 2556 pro
1299 2485 1391 2540 vicinis
1405 2485 1446 2538 uel

283 2573 472 2626 habitatoribus
491 2573 644 2626 habeantur.

321 2713 377 2766 160.
397 2713 463 2766 ltem
482 2715 553 2784 quod
574 2713 659 2766 donec
677 2713 796 2766 steterint
815 2713 915 2767 baraniti
939 2731 994 2767 non
1015 2715 1136 2768 reddatur
1154 2715 1191 2768 eis
1211 2717 1251 2786 jus
1279 2733 1327 2769 nec
1354 2715 1448 2786 aliquis

283 2815 401 2854 tencatur
419 2819 512 2854 eorum
532 2802 702 2872 petitionibus
722 2803 886 2871 respondere.

321 2943 377 2996 161.
398 2943 464 2996 ltem
483 2944 555 3012 quod
574 2944 622 3014 ipsi
645 2944 745 2996 banniti
766 2957 905 2996 teneantur
924 2946 983 3014 alijs
1003 2945 1107 3013 deipsis
1120 2949 1342 3016 conquerantilrus
1361 2949 1393 3000 de
1412 2947 1448 3000 iu-

284 3030 356 3082 sticia
376 3032 586 3100 responderene
606 3032 743 3083 videantur
762 3032 794 3084 de
813 3049 906 3086 eorum
926 3033 1030 3085 malicia
1049 3033 1164 3102 gloriari.

321 3171 377 3222 162.
397 3169 463 3222 ltem
482 3171 553 3240 quod
574 3170 646 3223 nulla
666 3188 775 3240 persona
795 3184 927 3240 presumat
954 3173 992 3225 eis
1020 3172 1106 3226 locare
1135 3175 1255 3238 domum,
1274 3175 1335 3228 clare
1355 3176 1446 3244 lrospi-

281 3258 352 3308 cium
373 3259 461 3309 bibere
479 3257 520 3310 uel
541 3259 688 3320 consedere,
707 3260 836 3312 auxilinm
856 3259 1011 3313 conscilium
1032 3260 1073 3312 uel
1094 3260 1221 3313 sanorem.
1241 3265 1288 3314 sun
1309 3265 1396 3316 banno
1410 3283 1449 3314 so

282 3345 397 3397 lidorum
418 3345 474 3398 xt.
496 3346 660 3414 papiensium
681 3363 728 3416 pro
747 3348 865 3416 quolibet
884 3361 910 3401 et
929 3351 1045 3418 qualibet
1065 3351 1121 3403 vice
1140 3362 1165 3404 et
1185 3351 1251 3402 ultra
1280 3351 1330 3404 lroc
1350 3352 1448 3404 solidus

283 3433 314 3486 X.
335 3451 381 3502 pro
400 3435 515 3504 qualibet
534 3434 664 3488 edonnnla
684 3453 735 3506 qua
755 3437 826 3506 ipsos
845 3437 873 3488 in
892 3437 974 3490 domo
994 3439 1097 3493 duxerit
1116 3439 1293 3508 receptandus.

320 3591 376 3660 163.
396 3592 461 3644 ltetn
481 3593 552 3662 quod
572 3593 703 3647 Consules
722 3595 861 3648 neminem
881 3597 981 3665 possint
1001 3599 1109 3650 bannire
1129 3611 1173 3650 aut
1194 3597 1276 3651 lacere
1307 3600 1398 3651 criclnri
1421 3601 1446 3652 in

282 3681 399 3734 bisinum
419 3681 503 3734 donec
523 3682 642 3735 habuerit
672 3684 698 3736 in
731 3685 806 3736 bonis
833 3687 902 3738 vnde
934 3703 1048 3738 conrune
1077 3686 1193 3738 satislieri
1215 3687 1293 3756 ponit
1314 3687 1362 3738 nisi
1383 3685 1448 3739 lorte

281 3785 375 3820 omnes
393 3781 507 3838 quatuor
524 3770 604 3822 simul
624 3771 673 3822 lroc
694 3771 805 3824 lucerent
825 3791 856 3826 ex
876 3769 962 3842 aliqua
982 3773 1052 3826 insta
1072 3791 1148 3827 causa
1168 3775 1288 3826 videlicet
1302 3789 1329 3827 ut
1344 3789 1448 3844 propter

282 3855 399 3908 bannum
419 3856 500 3908 cicius
519 3857 661 3910 acurdaret„

320 3997 375 4060 162.
395 3995 460 4050 ltem
480 3998 552 4066 quod
572 3997 660 4050 nullus
678 3999 770 4052 debeat
792 4001 891 4052 extrahi
912 4001 944 4052 de
964 4001 1052 4052 banno
1071 4003 1155 4054 ‹loire-c
1176 4001 1252 4056 luerit
1268 4005 1293 4055 in
1308 4005 1447 4056 concordia

282 4099 344 4136 cum
364 4085 435 4138 dicto
455 4087 573 4138 comuni.

319 4225 374 4292 165.
394 4224 460 4277 ltem
480 4227 551 4295 quod
571 4225 643 4278 nulla
663 4243 772 4296 persona
792 4228 872 4298 possit
899 4229 1000 4282 banniri
1024 4247 1070 4300 pro
1090 4231 1186 4284 minori
1218 4233 1363 4302 quantitate
1381 4235 1447 4286 sarli-

280 4311 376 4366 dorum
396 4314 427 4368 V.
450 4315 623 4384 papiensium.
