3918 5554
544 450 596 520 276

545 571 670 627 uentibus
687 571 720 626 nd
739 568 858 626 officium
877 567 994 624 becosrie
1012 584 1062 624 nec
1079 567 1164 623 eciam
1182 567 1216 622 de
1234 565 1329 622 bnnnis
1342 565 1435 639 positis
1458 563 1648 622 rationabiliter
1665 581 1714 636 pet

546 659 677 716 Consules
695 659 811 713 beccarie
829 670 856 712 et
873 657 907 712 de
924 657 1051 714 omnibus
1069 657 1128 728 alijs
1148 657 1224 712 rebus
1242 656 1433 728 pertinentibus
1459 657 1492 710 ad
1516 653 1636 710 olficium
1654 655 1712 708 bec·

545 750 614 803 carie
633 749 714 812 Quod
733 759 805 818 poter
823 764 886 802 suus
905 763 961 801 non
980 747 1063 818 possit
1080 744 1221 800 defendere
1248 763 1312 800 eum
1338 745 1384 800 sod
1402 755 1523 800 tenentur
1541 743 1646 798 soluere
1662 757 1712 813 pm

545 855 578 892 eo
596 837 691 893 stando
709 837 794 892 dous
816 835 887 890 lilius
904 852 968 890 curn
986 847 1058 906 patre
1076 849 1126 888 suo
1144 833 1172 888 in
1190 850 1243 888 vna
1261 834 1345 890 domo
1363 844 1390 888 et
1416 833 1450 888 sd
1476 843 1598 904 sumptus
1616 847 1713 886 eorum

546 925 705 980 comuniter.
1014 929 1020 940 ’

584 1101 624 1156 53.
643 1086 711 1140 Item
729 1095 858 1140 sumtum
875 1093 915 1137 est
933 1081 1006 1156 quod
1024 1079 1069 1136 ille
1087 1081 1220 1136 mortius
1237 1081 1283 1152 qui
1302 1091 1381 1136 stnret
1398 1079 1432 1134 sd
1449 1077 1610 1134 soluendum
1626 1091 1713 1134 custo

545 1175 608 1228 dem
626 1173 805 1228 boemiorum
823 1171 890 1225 vltra
908 1187 955 1242 per
972 1185 1056 1224 vnum
1074 1169 1147 1224 diem
1166 1181 1306 1241 postquam
1333 1167 1489 1223 custodisset
1507 1183 1598 1220 carnos
1616 1168 1713 1222 becen-

545 1263 646 1316 riorum
665 1261 699 1315 Et
716 1261 771 1330 ipse
783 1259 878 1312 fuceret
890 1257 1086 1330 querimoniam
1099 1257 1262 1312 Consulibus
1273 1258 1346 1328 quod
1358 1254 1489 1310 Consules
1500 1266 1640 1309 tenantur
1651 1272 1714 1310 con·

545 1351 622 1402 tinuo
640 1349 724 1400 lacere
742 1363 805 1400 eum
824 1345 894 1400 solui
912 1345 946 1399 Et
963 1343 1008 1398 ille
1027 1345 1073 1416 qui
1091 1345 1205 1400 stetisset
1222 1346 1256 1400 sd
1274 1344 1434 1400 soluendum
1456 1340 1544 1396 soluat
1561 1341 1661 1398 solidos
1677 1343 1712 1415 lJ.

584 1533 624 1589 54.
643 1520 711 1574 item
729 1531 858 1574 statutum
876 1531 915 1574 est
933 1531 960 1574 et
978 1519 1131 1574 ordinatum
1150 1521 1223 1592 quod
1241 1520 1331 1574 nullus
1349 1519 1482 1574 beccnrius
1500 1517 1582 1591 possit
1599 1533 1649 1571 nec
1660 1519 1711 1572 de-

545 1609 606 1662 beat
623 1619 711 1678 petere
729 1607 852 1661 libellum
871 1623 962 1661 coram
980 1608 1057 1661 dictis
1075 1608 1238 1662 Consulibus
1261 1609 1295 1662 de
1321 1608 1412 1679 aliquo
1429 1607 1519 1662 debito
1537 1606 1609 1678 quod
1627 1605 1662 1660 sit
1679 1605 1713 1659 de

546 1695 638 1750 solidis
656 1696 689 1748 X.
709 1693 819 1748 inferius
837 1696 883 1750 sed
903 1695 1034 1750 Consules
1062 1696 1223 1766 compellunt
1252 1712 1316 1750 eum
1345 1695 1503 1766 respondere
1529 1695 1587 1750 sine
1605 1693 1713 1748 datione

546 1783 630 1837 libelli
649 1784 744 1856 aliqua.
1224 1785 1226 1792 '

581 1942 666 2013 Super
679 1943 852 2014 petitionibus
870 1959 935 1997 uero
953 1959 1005 2013 que
1023 1940 1117 1995 fierent
1134 1958 1224 1996 comm
1242 1941 1281 1996 eis
1298 1958 1351 2013 que
1368 1952 1446 1995 erum
1458 1957 1473 1995 o
1485 1941 1577 1996 solidis
1587 1941 1624 1998 X.
1635 1958 1713 2014 supra

546 2043 676 2085 statuatur
692 2032 822 2086 terminus
840 2031 898 2086 Reo
916 2031 1092 2100 respondendi
1110 2031 1191 2084 trium
1210 2031 1313 2084 dierum
1332 2042 1359 2084 et
1376 2047 1432 2084 non
1445 2029 1570 2101 plurium.

584 2209 623 2259 55.
642 2191 710 2244 Item
728 2202 856 2244 statutum
875 2202 914 2243 est
931 2202 958 2243 et
975 2191 1128 2244 ordinatum
1147 2192 1218 2261 quod
1236 2191 1264 2243 in
1283 2191 1368 2244 causis
1385 2207 1463 2260 super
1480 2191 1576 2260 quibus
1593 2191 1714 2246 fueritlis

545 2291 690 2332 contestata
709 2279 781 2350 quod
800 2277 931 2332 Consules
949 2278 1062 2331 debmnt
1080 2290 1194 2332 statuere
1212 2279 1357 2332 terminum
1375 2277 1457 2332 actori
1476 2279 1604 2348 probandi
1633 2281 1711 2350 quic·

545 2367 609 2438 quid
628 2367 743 2420 uoluerit
761 2367 839 2419 citata
857 2377 930 2436 parte
948 2383 1032 2419 vnum
1051 2382 1098 2436 pro
1117 2368 1199 2420 tribus
1214 2379 1241 2420 et
1259 2366 1455 2438 perhemptorie
1473 2379 1535 2420 octo
1553 2367 1666 2421 dierum.
1679 2369 1714 2423 Et

544 2455 567 2507 si
585 2453 685 2524 aliquid
704 2456 844 2524 probatum
862 2452 941 2507 fuerit
959 2454 1071 2508 debeant
1090 2454 1221 2508 Consules
1240 2457 1381 2525 procedere
1392 2455 1580 2509 secundumeu
1594 2471 1648 2526 que
1656 2473 1714 2527 pro·

545 2542 604 2594 bnta
623 2553 701 2594 erunt
718 2539 794 2594 aliter
811 2557 874 2594 vero
893 2540 1045 2594 absoluatur
1062 2542 1133 2596 Reus
1148 2541 1258 2612 Jurante
1275 2559 1321 2596 teo
1340 2543 1361 2596 si
1381 2560 1427 2616 per
1453 2555 1570 2596 actorem
1600 2543 1712 2614 petitum

545 2627 623 2681 luerit
641 2627 716 2697 quod
731 2627 765 2680 de
783 2627 840 2697 ipso
859 2628 963 2681 debitor
980 2645 1036 2683 non
1056 2641 1160 2683 tenetur
1177 2630 1205 2682 in
1224 2641 1282 2683 toto
1300 2646 1350 2683 nec
1369 2630 1396 2682 in
1415 2641 1495 2700 parte.
1513 2629 1548 2684 Et
1565 2629 1586 2684 si
1605 2633 1713 2701 reusju·

546 2733 603 2768 rnre
623 2715 738 2769 noluerit
756 2717 967 2788 condempnetur
985 2734 1044 2771 reus
1063 2729 1118 2771 mm
1136 2717 1165 2770 in
1184 2717 1273 2772 debito
1291 2735 1372 2789 quum
1394 2716 1522 2789 expensis

584 2875 623 2944 56.
642 2876 709 2929 Item
728 2886 856 2929 statutum
874 2887 913 2930 est
931 2877 1003 2946 quod
1022 2875 1117 2947 aliquis
1135 2875 1268 2930 beccarius
1285 2889 1341 2930 non
1359 2877 1453 2930 debers
1470 2877 1509 2930 ire
1518 2893 1595 2930 causo
1605 2879 1712 2932 emendi

545 2981 593 3018 nec
613 2964 724 3018 faciendi
744 2981 833 3018 emere
851 2963 878 3016 in
898 2964 940 3016 die
956 2963 1030 3034 Jouis
1048 2964 1149 3035 aliquus
1168 2964 1262 3018 bestius
1280 2964 1348 3018 ultra
1367 2977 1454 3034 portus
1484 2965 1571 3034 plucij.
1604 2966 1637 3018 Et
1666 2966 1712 3036 qui

545 3053 728 3107 contrafecerit
745 3053 832 3106 soluat
850 3068 899 3122 pro
918 3054 1007 3106 banno
1025 3052 1125 3106 solidos
1143 3053 1176 3106 V.
1195 3065 1222 3106 et
1240 3069 1287 3124 pto
1306 3053 1423 3124 qualibet
1441 3053 1531 3118 bestia,
1550 3065 1635 3125 preter
1648 3070 1711 3124 por-

546 3142 610 3195 chos
629 3153 655 3194 et
673 3140 724 3194 nisi
742 3140 792 3195 iret
810 3153 882 3194 extrn
899 3152 1004 3194 tetram.

585 3317 624 3369 57.
642 3300 709 3353 Item
728 3311 855 3352 statutum
874 3301 1002 3370 estquod
1025 3316 1120 3354 omnes
1138 3297 1183 3354 Illi
1202 3299 1311 3370 beecorij
1331 3300 1376 3371 qui
1395 3299 1492 3354 debent
1504 3299 1608 3354 soluere
1621 3299 1712 3356 fictum

546 3390 579 3442 de
597 3406 691 3442 eorum
710 3387 819 3441 banchis
837 3387 949 3441 domino
968 3389 1099 3459 Episcopo
1116 3401 1257 3442 teneantur
1275 3387 1385 3442 soluisse
1404 3388 1505 3442 dictum
1517 3387 1609 3442 fictum
1618 3405 1712 3444 eorum

547 3476 709 3532 Consulibus
728 3476 856 3546 usquead
874 3493 951 3546 pasca
969 3477 1117 3546 Epiphanie
1135 3477 1163 3530 in
1182 3478 1271 3554 banno
1290 3475 1436 3530 solidorum
1456 3476 1489 3529 V.
1508 3477 1673 3548 papiensium
1687 3491 1714 3532 et

546 3581 594 3636 pro
612 3565 731 3637 quolibet
749 3565 791 3618 die
809 3565 881 3636 quod
899 3566 999 3618 steterit
1017 3566 1050 3619 ad
1068 3565 1228 3620 soluendum
1247 3583 1263 3619 n
1281 3565 1350 3619 dicta
1368 3565 1412 3620 die
1430 3565 1457 3618 in
1477 3577 1554 3620 antea
1572 3567 1659 3620 solunt
1671 3567 1713 3622 de·

547 3654 634 3707 uarios
653 3653 714 3724 XlJ.
734 3669 781 3724 pro
801 3651 919 3724 quolibet
937 3653 988 3706 die.
1025 3717 1033 3732 ι

585 3813 625 3881 58.
644 3813 711 3866 Item
730 3823 858 3866 statutum
876 3824 915 3865 est
934 3812 1005 3882 quod
1024 3811 1045 3865 si
1064 3811 1159 3884 uliquis
1177 3812 1310 3866 becctrius
1328 3823 1461 3866 teneretur
1474 3813 1508 3866 de
1521 3812 1611 3883 aliquo
1623 3813 1713 3868 debim

547 3917 635 3954 versus
654 3900 770 3971 aliquam
788 3914 937 3970 personam.
956 3900 989 3952 Et
1007 3899 1052 3952 ille
1065 3899 1110 3968 qui
1123 3901 1229 3953 deberet
1242 3899 1325 3952 silicet
1338 3900 1435 3952 habere
1447 3899 1566 3953 debitum
1579 3901 1714 3970 petiuisset

546 4003 635 4042 coram
652 3988 814 4041 Consulibus
833 3989 963 4040 rationem
981 3999 1008 4040 et
1026 3987 1081 4056 ipse
1100 3986 1202 4041 fecisset
1221 4004 1383 4057 processum
1413 4005 1492 4041 suum
1523 3987 1714 4042 rationabiliter

546 4078 619 4147 quod
637 4076 685 4129 Ille
703 4076 748 4146 qui
767 4077 906 4147 impediret
918 4087 1108 4146 pngamentum
1120 4075 1211 4146 aliquo
1223 4077 1306 4130 modo
1319 4076 1386 4129 ultra
1399 4087 1550 4148 preceptum
1562 4075 1714 4130 Consulum

547 4176 574 4218 et
592 4163 700 4217 illorum
718 4164 764 4234 qui
782 4175 869 4219 essent
887 4179 949 4218 curn
968 4163 1039 4218 dicto
1057 4163 1176 4220 Consule
1193 4163 1281 4219 solunt
1298 4166 1418 4219 bannum
1435 4162 1583 4220 solidorum
1600 4163 1637 4220 X.
1665 4179 1713 4235 pro

548 4249 665 4322 qualibet
684 4250 750 4304 uice.
