3918 5554
610 631 644 688 G.
663 629 841 690 STATUTA
861 629 1134 688 BECCARIORUM.

290 811 330 880 In
352 808 478 878 nomini
501 807 624 877 domini
646 809 762 878 Amen.

327 972 384 1026 Hec
401 981 464 1026 sunt
481 980 577 1026 statuta
595 981 622 1024 et
639 969 824 1024 ordinamenta
843 969 1026 1026 becceriorum
1058 969 1168 1040 bugelle
1185 969 1252 1024 breta
1271 969 1304 1024 ad
1322 969 1455 1026 honorem

290 1060 333 1116 dei
350 1072 377 1114 et
395 1057 545 1114 beatissime
556 1057 639 1112 marie
648 1057 758 1130 virginis
770 1069 796 1114 et
809 1058 877 1112 beati
891 1059 996 1130 Eusebij
1011 1059 1127 1130 panotds
1140 1059 1222 1114 nostri
1232 1059 1265 1114 Et
1277 1057 1310 1112 nd
1323 1057 1455 1112 honorem

289 1147 415 1204 omnium
433 1157 585 1202 sanctourm
604 1157 707 1216 panum
726 1158 753 1200 et
770 1159 919 1200 sanctarum
947 1158 974 1200 et
999 1146 1032 1201 ad
1060 1145 1191 1202 honorem
1211 1145 1314 1200 domini
1331 1144 1454 1216 Episcopi

289 1235 455 1290 vercellensis
473 1245 500 1286 et
517 1233 550 1287 ad
569 1233 671 1286 bonum
689 1245 787 1288 statum
806 1245 833 1287 et
849 1233 989 1288 utilitatem
1007 1234 1131 1288 omnium
1144 1233 1324 1288 beccariorutu
1345 1232 1455 1304 Bugelle

290 1325 352 1389 Que
370 1333 466 1376 statuta
498 1333 524 1375 et
554 1321 738 1376 ordinamenta
769 1338 863 1376 omnes
893 1323 1001 1394 beccarlj
1034 1322 1067 1376 de
1097 1321 1207 1394 Bugella
1230 1321 1328 1376 debent
1345 1319 1455 1374 firmiter

292 1413 440 1467 obseruare

327 1569 349 1608 t.
369 1553 412 1623 (1)
430 1550 567 1622 Imprimis
584 1563 712 1606 statutum
730 1563 770 1606 est
788 1552 860 1623 quod
879 1563 978 1607 tectum
997 1553 1113 1608 beccnrie
1130 1551 1224 1608 debent
1236 1549 1347 1623 copetiri
1360 1550 1455 1608 deCo

290 1641 365 1696 muni
384 1641 418 1695 Et
436 1649 526 1711 postea
544 1639 656 1694 debeant
673 1638 758 1693 diuidi
776 1655 891 1711 expense
908 1639 977 1695 inter
1008 1639 1149 1694 becharios
1173 1639 1315 1711 vnicuique
1341 1657 1389 1711 pto
1407 1655 1454 1694 sua

289 1741 370 1800 perte.

325 1885 349 1926 2.
368 1869 435 1924 Item
454 1870 526 1942 quod
545 1869 634 1926 nullus
652 1869 784 1926 berarius
801 1871 879 1926 vadat
896 1871 929 1926 ad
947 1870 1044 1926 vallem
1063 1871 1186 1926 Andurni
1205 1889 1220 1926 a
1239 1883 1320 1942 ponte
1337 1871 1454 1926 morecie

289 1959 408 2029 superius
426 1958 458 2012 ad
477 1959 622 2012 emendum
641 1959 704 2013 edos
722 1959 765 2013 uel
784 1959 992 2030 Agnoeapasca
1005 1960 1202 2014 resurrectionis
1215 1961 1339 2030 usquead
1351 1959 1453 2014 exitum

289 2045 380 2116 madij.
399 2046 432 2099 Et
450 2045 495 2116 qui
514 2046 694 2100 contmsecerit
712 2047 799 2100 soluat
817 2063 865 2118 pro
882 2047 998 2118 qualibet
1016 2047 1076 2100 uice
1094 2047 1194 2100 solidos
1213 2046 1245 2100 X.
1277 2047 1453 2117 papiensium.

325 2133 455 2188 Additum
474 2145 513 2188 est
531 2134 593 2188 huic
611 2146 709 2188 statuto
727 2135 760 2188 de
779 2135 905 2188 mandato
935 2147 961 2188 et
987 2136 1123 2189 voluntate
1150 2135 1254 2188 domini
1282 2135 1311 2188 L.
1330 2135 1453 2206 Episcopi

288 2222 454 2276 vercellensis
471 2223 544 2294 quod
562 2221 652 2276 nullus
670 2223 802 2278 beccarius
820 2223 891 2276 dicto
903 2236 1024 2292 tempore
1035 2235 1110 2276 exeat
1124 2235 1212 2292 portas
1225 2223 1326 2276 verneti
1336 2235 1363 2275 et
1375 2221 1452 2292 piacli

288 2309 398 2382 bugelle
415 2327 465 2365 nec
483 2312 560 2364 vadat
577 2311 610 2364 ad
628 2312 773 2366 emendum
791 2311 856 2366 edos
873 2310 916 2365 uel
936 2311 1030 2382 Agnos
1047 2312 1080 2364 ab
1098 2311 1313 2380 Ecclesijssancti
1326 2309 1410 2380 Blasii
1424 2323 1451 2364 et
1559 2379 1562 2386 ,

288 2411 377 2452 sancte
396 2399 515 2470 Agathes
533 2398 650 2454 inferius.
669 2401 725 2454 Nec
743 2417 759 2453 a
776 2398 888 2454 Cnssina
906 2398 1044 2470 hospitalis
1057 2415 1142 2468 supra.
1156 2397 1212 2452 Sub
1224 2397 1341 2469 predicto
1355 2400 1453 2453 banno

326 2541 523 2611 3.1tenquod
542 2541 631 2596 nullus
649 2541 781 2596 beccerius
798 2542 891 2597 debeat
917 2540 1063 2596 interficere
1090 2541 1205 2613 aliquam
1227 2540 1338 2595 bestiam
1367 2552 1453 2612 preter

288 2629 353 2682 edos
372 2628 414 2682 uel
434 2629 527 2698 Agnos
546 2629 573 2682 in
592 2629 636 2682 die
654 2629 776 2700 Mercurii
797 2629 839 2684 uel
867 2631 911 2684 die
937 2629 1043 2684 Sabbnti
1070 2647 1086 2682 a
1112 2628 1226 2700 vespnis
1252 2629 1329 2683 ultra.
1356 2629 1390 2684 Et
1408 2628 1453 2699 qui

290 2716 471 2770 contrafecerit
489 2716 575 2770 soluat
594 2733 642 2786 pto
661 2718 777 2789 qualibet
795 2719 852 2772 vice
870 2717 970 2772 solidos
988 2717 1020 2772 V.
1049 2717 1215 2788 papiensium
1241 2729 1268 2772 et
1285 2717 1348 2788 agni
1366 2729 1393 2772 ct
1410 2715 1454 2772 edi

287 2805 386 2859 sintin
406 2806 494 2858 banno
513 2805 546 2858 ab
563 2805 636 2858 exitu
655 2805 736 2874 madii
756 2805 832 2860 ultra.

324 2961 348 3012 t.
369 2946 438 3000 Item
457 2957 584 3000 statutum
604 2959 643 3000 est
662 2947 743 3010 Quod
763 2945 851 3000 nullus
871 2948 1002 3001 beccarim
1019 2948 1112 3000 debeat
1124 2947 1244 3000 occidere
1261 2965 1277 3000 :r
1295 2959 1386 3000 sancto
1405 2947 1454 3000 Eu.

287 3009 360 3088 sebio
379 3035 444 3088 vltra
464 3033 610 3106 Agnellunt
630 3034 672 3089 uel
691 3037 770 3088 edunt
791 3035 817 3089 in
838 3037 881 3090 die
897 3035 971 3105 Jouis
992 3053 1039 3089 nec
1058 3036 1101 3090 die
1121 3034 1259 3088 dominico
1278 3035 1309 3090 Et
1328 3035 1373 3105 qui
1393 3051 1455 3088 con·

288 3124 417 3177 traiecerit
435 3123 521 3178 soluat
540 3124 658 3178 bannum
677 3141 724 3194 pro
743 3124 859 3194 qualibet
879 3125 937 3178 uice
956 3123 1105 3178 solidorum
1124 3123 1156 3176 V.
1176 3122 1353 3193 papiensium.

327 3283 348 3334 5.
369 3265 435 3318 ltem
454 3266 566 3337 quodsi
585 3265 680 3338 aliquis
699 3265 831 3320 beccarius
850 3264 927 3320 suerit
955 3266 983 3318 in
1012 3265 1100 3320 banno
1125 3281 1171 3336 pet
1188 3263 1319 3317 Consules
1338 3265 1453 3317 beccarie

288 3355 359 3425 quod
379 3355 468 3408 nullus
486 3355 579 3409 debent
597 3355 635 3408 eis
653 3365 775 3409 mutuare
794 3353 974 3408 Falchastrum
994 3353 1127 3406 barachum
1141 3352 1184 3407 uel
1197 3365 1396 3424 tmuersagnum
1410 3352 1453 3406 uel

289 3440 373 3496 iacere
391 3443 440 3496 sibi
459 3443 577 3497 adiuuari
596 3444 629 3496 ad
649 3443 837 3498 excoriandum
856 3441 1004 3496 talisndum
1023 3440 1065 3495 vel
1087 3441 1258 3496 vendendum
1270 3458 1319 3496 nec
1337 3442 1453 3514 aliquam

288 3532 440 3586 societatem
460 3548 509 3585 nec
528 3531 720 3586 merchandum
739 3533 824 3586 donec
843 3530 921 3585 fuerit
938 3543 1010 3584 extra
1023 3531 1150 3584 bannum.
1163 3529 1196 3584 Et
1214 3529 1260 3601 qui
1273 3529 1453 3584 contrafecerit

288 3618 374 3672 soluat
395 3619 513 3672 bannum
533 3619 679 3673 solidorum
699 3619 732 3674 V.
752 3619 917 3690 papiensium
936 3635 983 3692 pro
1004 3619 1120 3689 qualibet
1139 3618 1206 3684 uice,
1224 3631 1250 3672 et
1269 3617 1400 3674 Consules
1419 3631 1454 3672 te·

288 3717 402 3758 neantur
420 3707 553 3778 inquirere
570 3707 719 3760 dummodo
737 3707 770 3762 sit
789 3707 888 3762 iustum
907 3720 933 3761 et
951 3706 1106 3762 rationabile
1124 3707 1251 3762 bannum.

322 3845 348 3900 6.
368 3845 438 3900 Item
457 3847 529 3917 quod
548 3845 637 3902 nullus
655 3847 788 3902 beccaritu
806 3847 884 3903 vadat
901 3847 1021 3904 cubitum
1039 3861 1112 3902 extra
1131 3847 1270 3918 Bugellam
1287 3863 1364 3904 esu...
1383 3849 1427 3916 (2)

323 4020 348 4074 7.
367 4005 433 4059 Item
452 4005 524 4077 quod
543 4004 588 4060 ille
606 4006 652 4077 qui
683 4017 782 4060 entem
811 4005 892 4061 edum
924 4007 957 4060 de
984 4021 1039 4078 quo
1069 4005 1166 4062 tribuat
1183 4006 1302 4080 qualium
1321 4005 1452 4060 venditori

287 4092 375 4148 soluat
392 4094 510 4148 bennum
528 4093 708 4149 dentrioriutn
727 4093 785 4164 xtJ.
803 4109 852 4166 pro
869 4093 989 4166 quolibet
1006 4095 1066 4148 edo.

314 4269 342 4318 (r)
358 4267 436 4308 ilerum
450 4277 572 4308 stetutomm
587 4267 665 4308 numeri
681 4267 820 4308 desiderantur
833 4267 854 4308 ln
868 4269 947 4309 codice.
961 4267 1005 4309 llos
1019 4269 1134 4322 alienus.

315 4343 345 4392 μ)
360 4338 425 4378 Nicbil
442 4339 496 4378 eliud
511 4339 602 4392 seqnitur
616 4349 636 4379 et
650 4337 709 4379 locut
724 4351 800 4378 vacans
815 4339 928 4380 intercedit.
