3978 5546
715 655 763 708 DE
782 653 992 709 CREDENTIA
1011 654 1058 710 ET
1080 645 1359 726 CREDENTIARIJS
1380 685 1412 694 -
1432 653 1463 709 R.
1482 653 1514 707 ll.

564 845 607 900 45.
628 829 795 900 [xxxviii]
816 831 951 884 Statutum
968 844 1008 886 est
1026 843 1052 885 et
1069 833 1223 886 ordinatum
1241 831 1313 902 quod
1338 847 1433 885 omnes
1459 829 1623 900 credentiarij
1654 847 1698 882 ve

529 919 604 972 niunt
621 919 655 971 ad
673 919 838 972 credenciam
857 920 964 990 quando
982 919 1128 990 pulsabitur
1146 919 1190 973 uel
1208 919 1371 991 precipietur.
1391 931 1417 973 et
1435 917 1481 990 qui
1499 919 1536 971 ibi
1550 933 1607 972 nou
1619 915 1698 971 iuen't

528 1018 672 1077 antequam
690 1006 783 1061 consul
800 1007 909 1078 incipiat
927 1009 1086 1062 concionem
1104 1007 1191 1062 soluat
1210 1008 1328 1062 bannum
1347 1005 1489 1060 solVllIl.
1503 1007 1545 1076 (r)
1558 1023 1600 1077 pp.
1613 1005 1696 1078 etqui

529 1093 624 1149 dixerit
641 1093 749 1166 aliquid
768 1095 798 1149 ln
817 1097 954 1151 crederrcia
972 1097 1037 1150 dum
1050 1095 1145 1168 aliquis
1159 1095 1359 1151 concionnuerit
1370 1095 1457 1150 solunt
1469 1094 1557 1149 simile
1569 1095 1697 1149 brunum.

564 1253 607 1322 46.
628 1255 808 1326 [XXXVIIIL]
823 1255 890 1310 ltern
899 1269 1028 1312 stanuum
1037 1257 1157 1328 estquod
1168 1257 1214 1328 qui
1224 1255 1319 1311 dixerit
1328 1255 1428 1327 aliquid
1438 1255 1466 1310 in
1479 1255 1615 1310 credentia
1628 1267 1698 1327 post-

529 1359 610 1415 quam
629 1345 722 1398 consul
740 1347 884 1416 preceperit
901 1347 926 1400 ei
944 1346 1017 1418 quod
1035 1357 1119 1400 taceat
1136 1344 1223 1400 soluat
1241 1345 1361 1399 brunum
1379 1343 1428 1400 sol.
1447 1344 1480 1398 V.
1499 1361 1542 1416 pp.
1555 1356 1581 1398 et
1590 1356 1695 1398 tanturn

530 1432 596 1504 plus
608 1445 739 1503 quantum
749 1435 872 1488 consules
884 1436 1047 1505 preciperent
1060 1435 1111 1505 (ι).
1124 1447 1151 1488 et
1163 1433 1285 1488 consules
1296 1447 1436 1488 teneantur
1447 1445 1570 1488 excutere
1578 1433 1698 1487 brunum

529 1533 556 1574 et
573 1520 658 1574 facere
675 1521 793 1576 acordnri
811 1523 989 1577 incontinenti
1007 1535 1034 1577 et
1053 1523 1117 1594 poni
1134 1523 1164 1576 iu
1184 1523 1252 1577 libro
1270 1523 1394 1577 comunis
1411 1523 1478 1578 sicut
1495 1521 1547 1576 alia
1566 1523 1661 1576 banna

564 1697 607 1751 47.
629 1681 705 1752 [XL]
727 1681 795 1736 Item
813 1693 942 1736 statutum
961 1693 1000 1736 est
1019 1683 1093 1754 quod
1111 1683 1157 1754 qui
1176 1683 1289 1746 uenerit
1300 1683 1333 1737 ad
1345 1683 1511 1736 credendum
1523 1695 1550 1736 et
1562 1698 1618 1736 non
1627 1681 1698 1753 Jura-

529 1771 598 1823 uerit
615 1769 709 1840 ipsum
727 1769 815 1824 soluat
833 1771 952 1824 bannum
970 1771 1019 1826 sol.
1041 1771 1074 1824 V.
1102 1788 1144 1842 pp.
1173 1787 1221 1842 pro
1249 1771 1367 1844 qualibet
1391 1771 1458 1825 uice
1486 1771 1538 1824 nisi
1564 1770 1699 1824 habuisset

530 1859 669 1912 licenciam
687 1876 702 1913 a
721 1858 883 1914 consulibus.
903 1871 929 1914 et
947 1859 1000 1913 hoc
1019 1859 1185 1932 intelligatur
1202 1871 1308 1914 tantum
1326 1858 1360 1914 de
1376 1859 1429 1914 illis
1447 1860 1493 1932 qui
1505 1859 1624 1914 steterint
1636 1875 1697 1913 cunr
1803 1931 1809 1946 ,

529 1948 720 2002 credenciariis.

565 2109 609 2174 48.
630 2108 720 2178 [xit]
740 2109 807 2162 ltem
825 2121 954 2164 statutum
966 2110 1088 2182 estquod
1103 2123 1191 2164 totum
1205 2109 1257 2164 hoc
1269 2110 1341 2182 quod
1360 2109 1525 2164 ordinabitur
1536 2127 1583 2182 per
1594 2110 1698 2164 creden-

529 2197 624 2250 cinrios
642 2197 686 2250 uel
704 2198 834 2251 maiorem
854 2211 963 2268 partem.
982 2215 1029 2252 seu
1047 2199 1173 2269 perillus
1191 2199 1237 2270 qui
1255 2198 1353 2252 fuerint
1371 2199 1404 2252 ad
1423 2198 1475 2253 hoc
1493 2199 1630 2253 constituti
1654 2200 1699 2250 ob

529 2297 656 2340 seruetur.
675 2285 741 2339 dum
760 2286 843 2340 rnodo
861 2286 914 2340 hoc
931 2287 1001 2340 iuste
1020 2299 1046 2342 et
1064 2287 1258 2342 racionabiliter
1275 2286 1374 2342 iactum
1395 2287 1438 2342 sit

567 2461 610 2518 49.
631 2445 733 2514 [libii]
754 2447 822 2501 item
840 2459 969 2502 statutum
988 2460 1028 2501 est
1045 2448 1118 2519 quod
1136 2447 1231 2519 aliquis
1249 2449 1295 2519 qui
1319 2465 1374 2502 non
1387 2449 1474 2504 solunt
1486 2447 1559 2503 fodra
1572 2461 1598 2502 et
1612 2449 1698 2502 banna

530 2537 640 2590 comuni
659 2535 772 2607 bugelle.
791 2549 817 2590 et
835 2537 881 2608 qui
899 2553 955 2590 non
974 2537 1007 2590 sit
1025 2536 1131 2591 habitor
1149 2536 1261 2607 bugelle.
1281 2553 1337 2592 uon
1355 2539 1438 2609 possit
1449 2555 1506 2592 esse
1517 2539 1550 2591 de
1563 2537 1698 2591 credencin

529 2641 579 2678 nec
598 2626 631 2679 de
648 2625 769 2680 consilio.
789 2642 839 2679 nec
857 2623 954 2680 habere
971 2625 1079 2697 aliquod
1099 2625 1218 2680 officium
1238 2626 1300 2680 dicti
1319 2627 1449 2682 comunis

569 2799 608 2854 50.
630 2783 747 2854 [xuni]
768 2785 836 2838 Item
855 2796 983 2839 statutum
1002 2786 1124 2857 estquod
1138 2785 1225 2856 aliqua
1239 2787 1325 2856 gracia
1338 2803 1393 2840 non
1404 2787 1486 2857 possit
1495 2785 1550 2840 lieri
1563 2786 1597 2840 de
1609 2785 1700 2856 aliquo

530 2874 620 2927 banno
638 2872 702 2927 ludi.
721 2872 791 2927 surti.
801 2872 892 2926 ierute.
904 2873 947 2926 uel
960 2875 1006 2945 qui
1019 2875 1146 2928 trassisset
1158 2891 1239 2928 arma.
1253 2893 1302 2928 nec
1313 2875 1392 2928 alicui
1405 2877 1451 2946 qui
1463 2875 1563 2929 steterit
1575 2874 1699 2928 bannitus

530 2961 653 3016 comunis
680 2961 786 3032 bugelle
815 2961 883 3016 ultra
902 2979 1036 3016 menssem
1054 2979 1147 3016 vnum.
1167 2978 1215 3016 nec
1233 2963 1267 3016 de
1284 2963 1374 3034 aliquo
1393 2965 1482 3018 banno
1501 2975 1579 3034 rupto
1598 2962 1641 3016 uel
1656 2962 1700 3033 Ju-

531 3051 627 3106 dicato.

570 3211 610 3264 51.
632 3193 759 3265 [xuni]
780 3193 847 3248 Item
866 3206 994 3249 stntutum
1013 3207 1052 3248 eet
1072 3195 1145 3265 quod
1158 3196 1179 3248 si
1192 3196 1252 3266 quis
1265 3195 1372 3266 pecierit
1384 3195 1427 3250 uel
1440 3195 1588 3267 requisierit
1598 3194 1699 3267 aliquid

530 3300 546 3338 n
559 3284 669 3338 comuni
679 3284 802 3338 consules
810 3295 837 3338 et
846 3283 1013 3353 credentiarij
1025 3284 1139 3338 habeant
1149 3285 1306 3338 conscilium
1318 3284 1398 3338 simul
1408 3285 1466 3338 sine
1474 3284 1522 3338 illo
1533 3285 1580 3356 qui
1593 3281 1699 3354 pecierit

530 3385 675 3444 autequam
693 3373 870 3443 respondeant
887 3372 921 3426 ei.
939 3373 973 3426 Et
991 3371 1037 3426 ille
1054 3372 1100 3442 qui
1119 3374 1288 3443 responderet
1303 3373 1361 3427 sine
1385 3373 1533 3427 uolumtnte
1562 3371 1699 3428 credencie

530 3461 617 3515 solunt
635 3463 755 3516 bannum
772 3460 821 3515 sol.
840 3461 873 3514 lt
892 3477 934 3531 pp.
953 3460 1000 3514 Set
1017 3461 1054 3514 sic
1073 3461 1262 3530 respondeatur
1280 3479 1326 3533 per
1353 3462 1483 3517 consules
1512 3463 1622 3516 domine
1648 3477 1699 3516 nos

530 3551 683 3604 audiuimus
702 3551 813 3604 libenter
831 3551 911 3603 uerba
930 3563 1017 3604 uestra
1036 3561 1174 3619 tamquam
1193 3551 1297 3605 domini
1316 3565 1342 3604 et
1360 3551 1439 3605 amici
1457 3551 1542 3604 nostri
1570 3563 1595 3604 et
1622 3567 1700 3620 super

531 3639 583 3692 hiis
600 3639 742 3710 diligenter
760 3639 916 3693 habebimus
937 3639 1102 3692 conscilium.
1125 3652 1151 3692 et
1172 3640 1249 3692 uobis
1271 3641 1471 3710 respondebitur
1488 3641 1635 3693 secundum
1654 3655 1700 3692 uo

530 3727 660 3781 luntatem
679 3739 706 3781 et
727 3739 879 3798 preceptum
892 3727 1036 3780 credencie.
1050 3739 1077 3780 et
1089 3739 1153 3780 tunc
1166 3727 1281 3781 habeant
1294 3728 1451 3781 conscilium
1465 3728 1641 3798 respondendi
1654 3744 1700 3796 per

530 3816 708 3870 uolumtntem
726 3816 870 3870 credencie.

569 3973 609 4028 52.
636 3959 704 4013 ltem
731 3969 859 4012 statutum
886 3959 1016 4030 estquod
1044 3959 1066 4014 si
1093 3958 1189 4030 aliquis
1217 3959 1301 4013 homo
1320 3959 1364 4013 uel
1392 3958 1490 4014 femina
1509 3959 1699 4030 cuiuscumque

531 4046 693 4101 conditionis
711 4047 734 4101 si
751 4047 861 4116 pecierit
878 4046 979 4118 aliquid
997 4065 1013 4101 a
1031 4047 1173 4102 Credentia
1191 4064 1237 4102 seu
1250 4065 1265 4102 a
1278 4047 1398 4103 Comuni
1411 4048 1521 4120 Bugelle
1530 4048 1662 4104 Consules
1673 4061 1700 4102 et

532 4261 561 4314 (tl
577 4259 642 4301 Mults
654 4258 695 4301 Sel.
712 4257 781 4308 Vim,
795 4269 875 4300 exenta
888 4268 920 4300 est
934 4257 983 4300 loeo
996 4259 1050 4300 elius
1063 4258 1153 4301 ebranc.

534 4332 562 4386 (a)
578 4329 726 4385 Subsequentia
740 4343 784 4384 erp.
799 4330 859 4371 verbe
873 4330 976 4385 posterius
989 4331 1065 4384 scripte
1078 4331 1179 4371 videntur.
