3958 5540
507 447 556 486 112

522 556 600 624 ‚187.
619 555 687 608 Item
705 556 777 626 quod
795 555 864 608 dicta
882 553 1000 610 venditio
1019 555 1064 610 fiat
1082 554 1194 610 fideliter
1220 554 1342 625 pubblice
1373 555 1401 608 in
1430 565 1547 608 mercato
1565 565 1592 607 et
1613 551 1671 624 plus

504 643 616 698 olerenti
634 645 718 698 detur.

542 767 601 821 188.
619 766 687 820 Item
705 768 727 820 si
745 766 845 838 aliquid
864 785 896 820 ex
914 766 1003 838 precio
1021 766 1143 820 deiecerit
1162 767 1283 820 creditori
1301 766 1335 821 ud
1353 765 1519 819 solucionem
1532 759 1618 818 tocius
1630 765 1673 816 de·

506 856 552 908 biti
571 854 637 908 illud
656 855 787 910 reficiatur
804 873 820 908 a
838 854 964 909 debitore.
983 855 1017 908 Et
1035 855 1056 910 si
1075 853 1249 924 superfuerit
1267 855 1320 908 hoc
1339 853 1452 908 creditor
1464 854 1583 908 restituat
1602 853 1672 906 debi-

507 943 566 1007 tori,
585 943 612 995 in
633 943 722 996 banno
740 941 892 997 solidorum
911 943 969 996 XX.

527 1163 531 1172 ·
578 1131 619 1186 26.
639 1132 687 1185 DE
706 1130 979 1185 EXACTIONIBUS
998 1130 1046 1184 ET
1065 1130 1345 1184 SOLUCIONIBUS.
1359 1161 1391 1170 -
1413 1129 1466 1182 fot.
1485 1144 1602 1183 cxx1111.

546 1327 601 1395 189.
621 1326 744 1395 Inprimis
762 1337 889 1378 statutum
908 1325 1037 1395 estquod
1057 1323 1195 1378 Clanarius
1213 1337 1241 1377 et
1258 1324 1380 1376 consules
1398 1325 1490 1378 omnia
1500 1325 1595 1388 banna,
1605 1322 1674 1386 ficta,

507 1414 629 1467 collectas
647 1426 673 1466 et
692 1426 836 1483 prouentus
855 1413 917 1467 dicti
936 1413 1059 1466 comunis
1077 1413 1182 1484 erigere
1200 1425 1226 1466 et
1247 1413 1310 1466 inde
1328 1413 1426 1466 bonam
1455 1413 1585 1466 rationem
1611 1412 1673 1464 red·

507 1503 568 1555 dete
587 1519 616 1555 ac
635 1502 735 1572 reliqua
754 1501 890 1555 restituere
908 1513 1047 1554 teneantur
1065 1501 1136 1555 dicto
1155 1501 1273 1554 comuni.

811 1727 853 1782 27.
875 1712 923 1767 DE
942 1711 1120 1768 EXPENSIS.
1141 1744 1173 1754 -
1193 1712 1247 1768 Fol.
1266 1727 1371 1768 cxxxv.

547 1923 604 1977 190.
625 1909 692 1960 Item
710 1909 783 1978 quod
801 1908 829 1960 in
849 1907 969 1978 expensis
987 1907 1110 1961 comunis
1127 1909 1241 1961 debeant
1259 1907 1322 1977 poni
1349 1923 1444 1972 annus,
1472 1904 1592 1970 menssis,
1610 1906 1675 1969 dies,

508 2013 594 2060 causa,
613 1997 745 2066 quantitas
763 2009 790 2049 et
808 2013 909 2050 nomen
927 1997 984 2049 eius
1002 1997 1044 2049 cui
1063 1997 1174 2066 pecunia
1192 1997 1253 2049 data
1271 1996 1357 2049 fuerit.
1674 1991 1680 2004 '

546 2154 604 2207 191.
623 2137 691 2191 Item
710 2139 783 2208 quod
801 2155 915 2208 expense
933 2137 999 2192 lacte
1018 2149 1110 2192 contra
1128 2136 1243 2191 formam
1260 2149 1420 2192 statutorum
1433 2153 1488 2191 noo
1502 2148 1634 2207 ponantur
1646 2137 1674 2190 in

509 2243 616 2279 radone
634 2242 764 2280 comunts.

548 2383 605 2438 192.
626 2367 694 2420 Item
713 2368 785 2438 quod
803 2384 859 2421 non
878 2369 990 2422 debeant
1009 2367 1064 2420 fieri
1083 2367 1171 2439 alique
1189 2385 1303 2438 expense
1322 2367 1388 2422 ultra
1407 2368 1485 2422 libras
1498 2367 1534 2421 X.
1547 2368 1675 2421 ocaxioue

508 2456 620 2510 alicuius
639 2456 736 2510 laboris
754 2457 876 2510 comunis
895 2457 946 2508 nisi
965 2473 1010 2526 per
1029 2457 1101 2509 uiam
1120 2458 1249 2510 incantus.

547 2614 603 2668 193.
622 2598 690 2650 Item
708 2598 780 2668 quod
799 2614 847 2667 pto
865 2596 955 2650 labore
984 2595 1083 2651 familie
1112 2598 1154 2650 uel
1184 2598 1325 2651 bestiarum
1356 2597 1497 2652 consulum
1516 2615 1571 2651 non
1592 2598 1673 2668 possit

508 2686 607 2756 aliquid
627 2686 692 2756 poni
710 2687 738 2738 in
758 2686 879 2755 expensis
898 2687 1029 2740 comunis.

561 2881 601 2932 28.
621 2879 669 2932 DE
688 2877 852 2932 RATlosE
873 2878 1045 2932 REDENDA
1065 2880 1132 2932 PER
1152 2879 1349 2933 CONSULES.
1372 2911 1402 2918 -
1424 2879 1477 2932 Fal.
1496 2893 1623 2933 cxxxvn.

548 3091 604 3146 194.
624 3074 757 3145 Imprimis
775 3085 902 3126 statutum
923 3075 1052 3143 estquod
1071 3074 1192 3127 consules
1211 3085 1350 3127 teneantur
1368 3075 1475 3127 reddere
1495 3076 1624 3127 rationem
1644 3075 1677 3126 de

510 3167 576 3220 datis
595 3177 620 3217 et
639 3165 736 3233 aceptis
755 3176 793 3214 ter
811 3163 839 3214 in
859 3179 938 3214 anno.
958 3163 1049 3215 Silicet
1067 3163 1100 3214 de
1119 3162 1254 3214 mensibus
1273 3163 1394 3230 januarii,
1413 3163 1500 3231 aprilis
1519 3176 1545 3214 et
1563 3161 1677 3230 augusti,

509 3255 537 3306 in
558 3252 690 3322 presencia
709 3253 754 3304 VI.
774 3251 929 3320 sapientum·
942 3250 974 3302 ad
991 3249 1045 3301 'hoc
1065 3267 1110 3318 per
1128 3251 1297 3318 proconsules
1324 3251 1470 3319 specialiter
1487 3250 1641 3303 electorum.

550 3411 607 3464 195.
626 3395 694 3447 Item
713 3394 785 3465 quod
804 3392 848 3463 qui
868 3391 1091 3444 administrauerit
1110 3390 1209 3460 ailquid
1223 3392 1334 3444 nomine
1346 3392 1408 3444 dicti
1422 3392 1544 3444 comunis
1558 3403 1677 3444 teneatur

511 3483 578 3535 inira
598 3500 719 3535 mensem
738 3494 797 3552 post
815 3480 979 3550 completum
998 3481 1141 3550 negocium
1161 3481 1193 3532 de
1211 3479 1266 3549 ipsa
1295 3480 1527 3534 administratione
1554 3479 1678 3534 Clauum

511 3584 537 3625 et
555 3571 708 3624 consulibus
726 3569 944 3639 perscripturum
964 3569 1062 3621 bonam
1081 3569 1171 3621 redere
1190 3569 1329 3622 rationem.
1350 3567 1405 3622 Sub
1424 3568 1512 3622 banno
1531 3569 1678 3622 solidorum

512 3661 570 3713 XX.
591 3659 765 3729 papiensium.

549 3800 606 3871 196.
625 3801 694 3853 Item
712 3800 784 3868 quod
803 3797 942 3853 Clauarius
960 3810 986 3851 et
1006 3797 1128 3851 consules
1146 3814 1224 3868 super
1241 3797 1342 3868 palacio
1361 3798 1423 3851 dicti
1442 3797 1565 3850 comunis
1582 3797 1610 3850 in
1625 3815 1678 3867 pre·

511 3891 598 3941 senciat
617 3887 808 3958 proconsulum
827 3899 853 3940 et
864 3886 1005 3941 consulum
1019 3903 1154 3939 nouorum
1168 3904 1198 3940 ac
1210 3887 1260 3940 Ὢ(
1273 3886 1423 3955 sapientum
1435 3886 1468 3938 nd
1480 3886 1532 3938 hoc
1544 3903 1590 3956 per
1602 3885 1672 3954 ipsos

511 3992 597 4027 nouos
615 3974 738 4027 consules
756 3974 901 4028 electorum
920 3987 1060 4027 teneantur
1079 3975 1112 4027 de
1131 3991 1222 4026 mense
1241 3975 1351 4044 januarij
1371 3974 1523 4044 generalem
1542 3986 1568 4026 et
1580 3974 1678 4026 bonam

511 4061 596 4114 tocius
614 4079 661 4114 sue
679 4062 918 4116 administracionis
937 4062 1044 4114 reddere
1063 4062 1193 4115 rationem
1206 4062 1289 4114 nichil
1302 4062 1359 4132 plus
1378 4062 1503 4130 ponendo
1516 4062 1543 4113 in
1556 4061 1677 4130 expensIs

512 4167 592 4220 quam
610 4167 637 4202 re
656 4168 718 4202 uera
736 4150 864 4203 soluerint
882 4166 931 4202 nec
949 4151 1030 4201 etiam
1048 4150 1147 4219 aliquid
1166 4149 1284 4202 cedendo
1303 4151 1335 4202 de
1355 4151 1430 4202 bonis
1449 4162 1475 4201 et
1499 4149 1671 4218 proueuu'bus

514 4237 578 4292 dicti
597 4238 727 4292 comunis.
746 4238 801 4292 Sub
820 4255 887 4308 pena
905 4237 1052 4291 solidorum
1071 4237 1102 4292 C.
1121 4237 1286 4308 papiensium
1304 4254 1352 4308 pro
1379 4237 1499 4308 quolibet
1525 4236 1633 4289 consule
1652 4247 1679 4290 et
