3918 5554
508 553 559 618 238

507 675 622 744 qualibet
642 675 699 728 uice
717 675 864 728 solidorum
883 676 915 730 x.
936 677 1101 746 papiensium
1120 677 1266 730 secundum
1285 676 1482 730 continenciam
1509 676 1674 746 prmaeium

507 775 666 817 statutorum
684 765 897 834 approbatorum.

512 943 561 1007 ¹9·
585 923 634 988 De
657 923 797 990 Fuxinis.

544 1028 614 1082 Item
632 1031 704 1100 quod
724 1030 812 1082 nullus
831 1031 962 1084 Ferrarius
981 1031 1062 1100 possit
1080 1047 1129 1082 nec
1147 1031 1240 1083 debeat
1259 1029 1377 1083 laborare
1396 1030 1423 1082 in
1442 1029 1552 1100 Bugella
1573 1029 1606 1083 ad
1619 1027 1677 1082 offi-

508 1117 582 1168 cium
601 1116 705 1170 serrarie
724 1119 809 1170 donec
828 1119 928 1171 dederit
946 1119 1061 1187 paratico
1081 1119 1259 1171 Ferrariorum
1279 1118 1388 1187 Bugelle
1407 1117 1485 1171 libras
1503 1117 1563 1187 ΧΠ.
1574 1117 1679 1187 papien-

508 1205 587 1256 sium.
607 1205 639 1257 Et
658 1206 746 1258 nullus
766 1207 847 1274 possit
865 1206 913 1258 sibi
933 1205 1017 1257 facere
1036 1207 1147 1274 gratiam
1167 1206 1200 1258 Et
1218 1205 1239 1257 si
1259 1205 1355 1258 suerint
1384 1205 1439 1257 duo
1467 1204 1537 1274 Socij
1567 1205 1595 1257 in
1625 1221 1678 1258 vua

509 1293 610 1345 Farina
628 1293 721 1345 Soiuat
739 1294 849 1364 quilibet
868 1294 945 1346 libras
965 1293 1021 1362 VIJ.
1042 1294 1215 1363 papiensium,
1234 1294 1267 1346 Et
1285 1293 1359 1346 nulia
1377 1291 1460 1362 possit
1477 1291 1678 1362 iierieisgmcia

509 1381 542 1433 Et
560 1381 605 1450 qui
625 1382 731 1450 pecierit
750 1399 796 1451 per
814 1399 841 1433 se
861 1381 903 1434 uei
924 1399 969 1450 per
987 1382 1069 1433 alium
1088 1381 1212 1451 graciam,
1226 1381 1319 1434 Soluat
1332 1382 1451 1434 bannum
1461 1379 1609 1434 solidorum
1619 1380 1677 1434 XX.

509 1469 684 1538 papiensium.
704 1469 785 1530 Quod
806 1471 923 1522 bannum
942 1469 1074 1522 Consules
1093 1482 1232 1522 teneantur
1251 1470 1364 1539 exigere.

510 1645 563 1692 20.
588 1626 637 1690 De
661 1628 788 1692 racione
811 1625 916 1692 fienda
938 1643 970 1694 et
993 1624 1097 1692 banna
1121 1625 1287 1714 exigenda.

546 1731 613 1784 item
631 1733 702 1800 quod
723 1730 854 1784 Consules
872 1745 1011 1785 teneantur
1029 1745 1055 1784 et
1065 1733 1309 1786 debeantcxcutere
1322 1749 1367 1802 per
1379 1743 1574 1786 sacramentum
1586 1731 1678 1786 omnia

511 1821 596 1872 bunna
616 1831 641 1872 et
659 1820 751 1872 omnia
770 1820 820 1872 alia
838 1833 940 1889 recepta
959 1838 1040 1890 vsque
1059 1821 1091 1872 ael
1110 1833 1231 1873 sanctum
1251 1821 1395 1874 Martinum
1416 1822 1449 1874 Et
1462 1820 1554 1874 iecisse
1563 1821 1677 1892 paratino

511 1908 642 1961 rationem
661 1909 694 1961 de
712 1909 837 1961 omnibus
856 1909 923 1961 inira
942 1909 1003 1962 XV.
1023 1910 1078 1962 dies
1098 1922 1156 1978 post
1175 1909 1270 1962 festum
1290 1909 1372 1962 sancti
1392 1909 1506 1962 Martini.

511 2085 563 2134 21.
588 2067 637 2132 De
662 2067 785 2132 honore
810 2065 917 2134 fiendo
942 2069 1088 2135 mortuis.

547 2174 612 2225 ltem
632 2174 703 2243 quod
723 2175 742 2225 si
763 2174 857 2243 aliquis
877 2175 1007 2226 Ferrarius
1028 2174 1070 2227 uei
1090 2174 1184 2244 aliquis
1202 2176 1236 2227 de
1263 2175 1346 2228 domo
1376 2175 1487 2227 alicuius
1516 2172 1614 2244 fertarij
1645 2173 1679 2225 de

512 2261 648 2328 Bugellaa
667 2262 716 2331 VIJ
734 2263 810 2313 annis
829 2263 947 2331 superius
966 2279 1013 2331 pro
1032 2279 1086 2332 quo
1105 2263 1251 2332 pulsaretur
1269 2263 1355 2315 maior
1365 2261 1501 2332 Campana
1512 2273 1680 2314 mortuorum

512 2350 648 2402 decederet
666 2350 776 2419 quilibet
795 2349 926 2402 Ferrarius
945 2363 1065 2402 teneatur
1083 2363 1109 2404 et
1128 2351 1221 2403 debeat
1241 2367 1289 2421 pro
1307 2350 1397 2403 anima
1416 2351 1496 2419 ipsius
1515 2350 1577 2402 dare
1595 2350 1680 2402 dena-

512 2438 581 2490 rium
600 2454 683 2489 vnum
702 2437 759 2489 siue
777 2453 872 2506 panem
892 2455 974 2489 snum
994 2455 1041 2507 pro
1060 2440 1198 2490 consorcia
1217 2438 1317 2490 solidos
1335 2437 1368 2490 V.
1379 2438 1412 2490 Et
1421 2436 1532 2508 quilibet
1545 2455 1573 2489 se
1588 2437 1682 2490 debeat

513 2537 661 2596 presentare
679 2526 711 2577 ad
731 2526 842 2577 domum
862 2527 910 2578 sub
929 2527 1045 2596 predicto
1064 2527 1153 2579 banno
1172 2539 1314 2596 antequam
1334 2525 1436 2579 leuetur
1465 2527 1498 2578 de
1525 2537 1592 2578 term
1620 2541 1681 2578 cum

513 2630 596 2666 cereo.
616 2612 689 2665 Etsi
709 2629 763 2665 non
784 2614 1029 2682 portaueritsoluat
1049 2615 1168 2667 bannum
1198 2614 1347 2668 solidorum
1374 2613 1410 2668 X.
1443 2611 1616 2684 papiensium.
1648 2613 1682 2666 Et

513 2699 652 2754 Clauarius
671 2710 790 2753 teneatur
809 2703 919 2771 prescire
938 2702 1070 2754 omnibus.

516 2863 567 2910 22.
592 2843 641 2907 De
664 2842 830 2908 exactione
857 2841 1046 2910 bannorum.

550 2951 616 3001 Item
635 2949 706 3018 quod
726 2948 856 3001 Consules
875 2949 919 3018 qui
939 2965 986 3017 pro
1005 2947 1168 3017 temporibus
1187 2947 1284 2999 suerint
1303 2959 1443 2998 teneantur
1461 2958 1486 2999 et
1506 2947 1619 2999 debeant
1642 2965 1683 2998 ea-

515 3050 602 3090 cutere
621 3038 712 3089 omnia
732 3039 817 3089 banna
837 3038 873 3089 eis
892 3049 1010 3090 accusata
1028 3037 1094 3088 inira
1114 3035 1171 3088 XV.
1192 3037 1247 3087 dies
1266 3048 1405 3103 postquam
1438 3033 1534 3086 suerint
1565 3047 1683 3086 accusata

516 3128 547 3178 lit
566 3139 694 3178 statuatur
712 3127 749 3178 eis
768 3127 912 3178 terminum
932 3137 1071 3194 postquam
1091 3125 1226 3176 accordata
1246 3123 1342 3174 luerint
1362 3125 1448 3174 banna
1467 3123 1499 3175 ad
1531 3122 1681 3174 iaciendum

515 3213 696 3266 defensionem
716 3213 782 3265 inira
802 3214 858 3266 ΧΥ.
879 3214 933 3265 dies
952 3225 977 3265 et
996 3214 1028 3264 ab
1047 3212 1094 3264 illo
1113 3211 1227 3264 termino
1246 3211 1274 3264 in
1303 3223 1379 3263 antei
1403 3227 1459 3263 non
1491 3211 1572 3280 possit
1601 3208 1685 3262 iacere

515 3303 631 3371 aliquam
651 3301 840 3354 defensionem.
861 3303 893 3354 Et
912 3302 984 3371 quod
1003 3300 1092 3352 nullus
1110 3299 1191 3370 possit
1210 3297 1294 3352 iacere
1313 3296 1496 3352 defensionem
1528 3299 1562 3352 de
1594 3297 1685 3368 aliquo

516 3391 605 3442 banno
625 3403 701 3458 rupto
720 3391 805 3442 donec
828 3390 996 3442 accordatum
1018 3387 1095 3440 suerit
1115 3388 1241 3440 bannum.

517 3567 570 3633 23.
595 3548 644 3612 De
669 3546 829 3612 redicione
854 3544 970 3612 Corbe.

553 3655 622 3706 Item
642 3653 713 3721 quod
733 3652 842 3721 quilibet
860 3651 991 3703 Ferrarius
1010 3651 1055 3720 qui
1076 3649 1293 3720 jmprenruaucrit
1312 3647 1482 3701 Corbamuel
1496 3649 1612 3702 mediam
1632 3665 1686 3702 cor·

517 3743 577 3793 bam
597 3743 681 3809 jpsam
699 3741 791 3792 debeat
811 3740 952 3791 reddidisse
971 3740 1025 3806 ipsa
1045 3738 1087 3790 die
1106 3755 1157 3806 qua
1176 3739 1259 3804 ipsam
1279 3737 1495 3805 impremuauerit
1513 3737 1562 3788 sub
1598 3737 1687 3788 banno

517 3831 686 3882 denariorum
707 3829 748 3896 (t)
768 3868 775 3878 .
795 3869 800 3880 .
821 3868 827 3878 .
848 3867 854 3879 .
875 3845 921 3896 pro
941 3827 1057 3895 qualibet
1076 3827 1119 3877 die
1131 3826 1252 3876 videlicet
1265 3825 1291 3876 in
1307 3824 1392 3893 pincio
1405 3823 1545 3876 Aibertino
1558 3823 1687 3876 Ferrtario

517 3919 550 3970 Et
569 3919 596 3970 in
617 3917 695 3985 plano
711 3916 809 3984 Jacobo
820 3916 918 3967 donato
931 3915 975 3983 qui
988 3915 1086 3965 habent
1097 3913 1178 3964 dictas
1188 3913 1288 3964 Corbes
1299 3912 1326 3962 in
1340 3911 1469 3964 Custodia
1481 3911 1538 3963 siue
1557 3911 1687 3964 comenda

518 4006 550 4057 ad
569 4005 682 4056 domum
703 4004 821 4071 ipsorum
841 4002 896 4055 Nisi
917 4002 962 4053 ille
980 4002 1025 4070 qui
1061 4000 1278 4070 impremuauerit
1304 3999 1389 4067 ipsam
1420 3999 1537 4051 Corbam
1568 3998 1689 4052 babuerit

520 4093 657 4145 licentiam
676 4109 690 4144 a
710 4092 826 4159 predicto
846 4089 984 4142 elibertino
1002 4101 1028 4140 et
1043 4089 1142 4157 Jacobo
1162 4087 1203 4138 uel
1223 4087 1312 4156 aliquo
1330 4087 1449 4155 ipsorum
1469 4085 1576 4138 tenendi
1601 4087 1685 4155 ipsam

524 4181 649 4232 Corbam.

548 4354 575 4406 (tl
591 4353 658 4394 Locm
672 4365 759 4394 vacuus.
